date,time,datetime,symbol,exchange,lastPrice,lastVolume,volume,openInterest,openPrice,highPrice,lowPrice,preClosePrice,preSettlementPrice,upperLimit,lowerLimit,turnover,bidPrice1,bidPrice2,bidPrice3,bidPrice4,bidPrice5,askPrice1,askPrice2,askPrice3,askPrice4,askPrice5,bidVolume1,bidVolume2,bidVolume3,bidVolume4,bidVolume5,askVolume1,askVolume2,askVolume3,askVolume4,askVolume5
20191126,09:43:20.0,2019-11-26 09:43:20,CL2001,NYMEX,57.98,0,6295,0.0,57.92,58.02,57.84,58.01,58.01,1.7976931348623157e+308,1.7976931348623157e+308,0.0,57.98,57.97,57.96,57.95,57.94,57.99,58.0,58.01,58.02,58.03,14,29,23,34,39,19,34,25,21,44
20191126,09:43:35.0,2019-11-26 09:43:35,CL2001,NYMEX,57.99,0,6318,0.0,57.92,58.02,57.84,58.01,58.01,1.7976931348623157e+308,1.7976931348623157e+308,0.0,57.98,57.97,57.96,57.95,57.94,57.99,58.0,58.01,58.02,58.03,19,29,25,35,39,16,34,26,21,44
20191126,09:43:36.0,2019-11-26 09:43:36,CL2001,NYMEX,57.99,0,6318,0.0,57.92,58.02,57.84,58.01,58.01,1.7976931348623157e+308,1.7976931348623157e+308,0.0,57.98,57.97,57.96,57.95,57.94,57.99,58.0,58.01,58.02,58.03,19,29,25,35,39,17,34,26,21,44
20191126,09:43:40.0,2019-11-26 09:43:40,CL2001,NYMEX,57.99,0,6318,0.0,57.92,58.02,57.84,58.01,58.01,1.7976931348623157e+308,1.7976931348623157e+308,0.0,57.98,57.97,57.96,57.95,57.94,57.99,58.0,58.01,58.02,58.03,19,29,26,35,39,17,34,26,21,44
20191126,09:43:40.0,2019-11-26 09:43:40,CL2001,NYMEX,57.99,0,6319,0.0,57.92,58.02,57.84,58.01,58.01,1.7976931348623157e+308,1.7976931348623157e+308,0.0,57.98,57.97,57.96,57.95,57.94,57.99,58.0,58.01,58.02,58.03,19,29,26,35,39,16,34,26,21,44
20191126,09:43:42.0,2019-11-26 09:43:42,CL2001,NYMEX,57.99,0,6319,0.0,57.92,58.02,57.84,58.01,58.01,1.7976931348623157e+308,1.7976931348623157e+308,0.0,57.98,57.97,57.96,57.95,57.94,57.99,58.0,58.01,58.02,58.03,19,29,26,35,39,15,34,26,21,44
20191126,09:43:43.0,2019-11-26 09:43:43,CL2001,NYMEX,57.99,0,6319,0.0,57.92,58.02,57.84,58.01,58.01,1.7976931348623157e+308,1.7976931348623157e+308,0.0,57.98,57.97,57.96,57.95,57.94,57.99,58.0,58.01,58.02,58.03,20,29,26,35,39,15,34,26,21,44
20191126,09:43:44.0,2019-11-26 09:43:44,CL2001,NYMEX,57.99,0,6319,0.0,57.92,58.02,57.84,58.01,58.01,1.7976931348623157e+308,1.7976931348623157e+308,0.0,57.98,57.97,57.96,57.95,57.94,57.99,58.0,58.01,58.02,58.03,18,29,26,35,39,16,34,26,21,44
20191126,09:43:45.0,2019-11-26 09:43:45,CL2001,NYMEX,57.99,0,6319,0.0,57.92,58.02,57.84,58.01,58.01,1.7976931348623157e+308,1.7976931348623157e+308,0.0,57.98,57.97,57.96,57.95,57.94,57.99,58.0,58.01,58.02,58.03,19,29,26,35,39,16,34,26,21,44
20191126,09:43:46.0,2019-11-26 09:43:46,CL2001,NYMEX,57.99,0,6319,0.0,57.92,58.02,57.84,58.01,58.01,1.7976931348623157e+308,1.7976931348623157e+308,0.0,57.98,57.97,57.96,57.95,57.94,57.99,58.0,58.01,58.02,58.03,19,29,26,35,39,15,34,26,21,44
20191126,09:43:48.0,2019-11-26 09:43:48,CL2001,NYMEX,57.98,0,6319,0.0,57.92,58.02,57.84,58.01,58.01,1.7976931348623157e+308,1.7976931348623157e+308,0.0,57.98,57.97,57.96,57.95,57.94,57.99,58.0,58.01,58.02,58.03,19,30,26,35,39,15,34,26,21,44
20191126,09:43:49.0,2019-11-26 09:43:49,CL2001,NYMEX,57.98,0,6320,0.0,57.92,58.02,57.84,58.01,58.01,1.7976931348623157e+308,1.7976931348623157e+308,0.0,57.98,57.97,57.96,57.95,57.94,57.99,58.0,58.01,58.02,58.03,18,30,26,35,39,16,34,26,21,44
20191126,09:43:52.0,2019-11-26 09:43:52,CL2001,NYMEX,57.98,0,6320,0.0,57.92,58.02,57.84,58.01,58.01,1.7976931348623157e+308,1.7976931348623157e+308,0.0,57.98,57.97,57.96,57.95,57.94,57.99,58.0,58.01,58.02,58.03,18,30,26,35,39,17,33,26,21,44
20191126,09:43:54.0,2019-11-26 09:43:54,CL2001,NYMEX,57.98,0,6320,0.0,57.92,58.02,57.84,58.01,58.01,1.7976931348623157e+308,1.7976931348623157e+308,0.0,57.98,57.97,57.96,57.95,57.94,57.99,58.0,58.01,58.02,58.03,17,30,26,34,39,17,33,26,21,44
20191126,09:43:55.0,2019-11-26 09:43:55,CL2001,NYMEX,57.98,0,6320,0.0,57.92,58.02,57.84,58.01,58.01,1.7976931348623157e+308,1.7976931348623157e+308,0.0,57.98,57.97,57.96,57.95,57.94,57.99,58.0,58.01,58.02,58.03,18,30,26,34,39,17,33,26,21,44
20191126,09:43:56.0,2019-11-26 09:43:56,CL2001,NYMEX,57.98,0,6320,0.0,57.92,58.02,57.84,58.01,58.01,1.7976931348623157e+308,1.7976931348623157e+308,0.0,57.98,57.97,57.96,57.95,57.94,57.99,58.0,58.01,58.02,58.03,18,30,26,34,39,18,33,26,21,44
20191126,09:43:57.0,2019-11-26 09:43:57,CL2001,NYMEX,57.98,0,6320,0.0,57.92,58.02,57.84,58.01,58.01,1.7976931348623157e+308,1.7976931348623157e+308,0.0,57.98,57.97,57.96,57.95,57.94,57.99,58.0,58.01,58.02,58.03,17,30,26,34,39,18,35,26,21,44
20191126,09:44:01.0,2019-11-26 09:44:01,CL2001,NYMEX,57.98,0,6320,0.0,57.92,58.02,57.84,58.01,58.01,1.7976931348623157e+308,1.7976931348623157e+308,0.0,57.98,57.97,57.96,57.95,57.94,57.99,58.0,58.01,58.02,58.03,18,30,26,34,39,18,35,26,21,44
20191126,09:44:04.0,2019-11-26 09:44:04,CL2001,NYMEX,57.98,0,6320,0.0,57.92,58.02,57.84,58.01,58.01,1.7976931348623157e+308,1.7976931348623157e+308,0.0,57.98,57.97,57.96,57.95,57.94,57.99,58.0,58.01,58.02,58.03,17,30,26,34,39,18,35,26,21,44
20191126,09:44:07.0,2019-11-26 09:44:07,CL2001,NYMEX,57.98,0,6320,0.0,57.92,58.02,57.84,58.01,58.01,1.7976931348623157e+308,1.7976931348623157e+308,0.0,57.98,57.97,57.96,57.95,57.94,57.99,58.0,58.01,58.02,58.03,16,30,26,34,39,18,35,26,21,44
20191126,09:44:08.0,2019-11-26 09:44:08,CL2001,NYMEX,57.98,0,6320,0.0,57.92,58.02,57.84,58.01,58.01,1.7976931348623157e+308,1.7976931348623157e+308,0.0,57.98,57.97,57.96,57.95,57.94,57.99,58.0,58.01,58.02,58.03,17,30,26,34,39,18,35,26,21,44
20191126,09:44:10.0,2019-11-26 09:44:10,CL2001,NYMEX,57.99,0,6320,0.0,57.92,58.02,57.84,58.01,58.01,1.7976931348623157e+308,1.7976931348623157e+308,0.0,57.98,57.97,57.96,57.95,57.94,57.99,58.0,58.01,58.02,58.03,17,30,26,34,39,18,35,26,21,44
20191126,09:44:10.0,2019-11-26 09:44:10,CL2001,NYMEX,57.99,0,6338,0.0,57.92,58.02,57.84,58.01,58.01,1.7976931348623157e+308,1.7976931348623157e+308,0.0,57.99,57.98,57.97,57.96,57.95,58.0,58.01,58.02,58.03,58.04,13,27,30,29,34,34,25,19,44,26
20191126,09:44:11.0,2019-11-26 09:44:11,CL2001,NYMEX,57.99,0,6342,0.0,57.92,58.02,57.84,58.01,58.01,1.7976931348623157e+308,1.7976931348623157e+308,0.0,57.99,57.98,57.97,57.96,57.95,58.0,58.01,58.02,58.03,58.04,6,27,29,29,34,35,25,21,44,26
20191126,09:44:13.0,2019-11-26 09:44:13,CL2001,NYMEX,57.99,0,6342,0.0,57.92,58.02,57.84,58.01,58.01,1.7976931348623157e+308,1.7976931348623157e+308,0.0,57.99,57.98,57.97,57.96,57.95,58.0,58.01,58.02,58.03,58.04,6,27,29,29,34,35,25,21,44,24
20191126,09:44:13.0,2019-11-26 09:44:13,CL2001,NYMEX,57.99,0,6348,0.0,57.92,58.02,57.84,58.01,58.01,1.7976931348623157e+308,1.7976931348623157e+308,0.0,57.98,57.97,57.96,57.95,57.94,57.99,58.0,58.01,58.02,58.03,19,30,28,34,37,18,35,25,21,44
20191126,09:44:19.0,2019-11-26 09:44:19,CL2001,NYMEX,57.99,0,6348,0.0,57.92,58.02,57.84,58.01,58.01,1.7976931348623157e+308,1.7976931348623157e+308,0.0,57.98,57.97,57.96,57.95,57.94,57.99,58.0,58.01,58.02,58.03,18,32,25,35,39,19,36,25,21,44
20191126,09:44:20.0,2019-11-26 09:44:20,CL2001,NYMEX,57.99,0,6348,0.0,57.92,58.02,57.84,58.01,58.01,1.7976931348623157e+308,1.7976931348623157e+308,0.0,57.98,57.97,57.96,57.95,57.94,57.99,58.0,58.01,58.02,58.03,18,32,25,35,39,20,36,25,21,44
20191126,09:44:21.0,2019-11-26 09:44:21,CL2001,NYMEX,57.99,0,6348,0.0,57.92,58.02,57.84,58.01,58.01,1.7976931348623157e+308,1.7976931348623157e+308,0.0,57.98,57.97,57.96,57.95,57.94,57.99,58.0,58.01,58.02,58.03,18,32,25,35,39,20,36,25,21,44
20191126,09:44:22.0,2019-11-26 09:44:22,CL2001,NYMEX,57.99,0,6348,0.0,57.92,58.02,57.84,58.01,58.01,1.7976931348623157e+308,1.7976931348623157e+308,0.0,57.98,57.97,57.96,57.95,57.94,57.99,58.0,58.01,58.02,58.03,18,32,25,35,39,20,36,25,21,44
20191126,09:44:24.0,2019-11-26 09:44:24,CL2001,NYMEX,57.99,0,6348,0.0,57.92,58.02,57.84,58.01,58.01,1.7976931348623157e+308,1.7976931348623157e+308,0.0,57.98,57.97,57.96,57.95,57.94,57.99,58.0,58.01,58.02,58.03,19,32,25,35,39,20,36,25,21,44
20191126,09:44:25.0,2019-11-26 09:44:25,CL2001,NYMEX,57.99,0,6348,0.0,57.92,58.02,57.84,58.01,58.01,1.7976931348623157e+308,1.7976931348623157e+308,0.0,57.98,57.97,57.96,57.95,57.94,57.99,58.0,58.01,58.02,58.03,19,32,25,35,39,19,36,25,21,44
20191126,09:44:26.0,2019-11-26 09:44:26,CL2001,NYMEX,57.99,0,6348,0.0,57.92,58.02,57.84,58.01,58.01,1.7976931348623157e+308,1.7976931348623157e+308,0.0,57.98,57.97,57.96,57.95,57.94,57.99,58.0,58.01,58.02,58.03,20,32,25,35,39,18,36,25,21,44
20191126,09:44:27.0,2019-11-26 09:44:27,CL2001,NYMEX,57.99,0,6348,0.0,57.92,58.02,57.84,58.01,58.01,1.7976931348623157e+308,1.7976931348623157e+308,0.0,57.98,57.97,57.96,57.95,57.94,57.99,58.0,58.01,58.02,58.03,20,32,25,35,39,17,36,25,21,44
20191126,09:44:29.0,2019-11-26 09:44:29,CL2001,NYMEX,57.99,0,6348,0.0,57.92,58.02,57.84,58.01,58.01,1.7976931348623157e+308,1.7976931348623157e+308,0.0,57.98,57.97,57.96,57.95,57.94,57.99,58.0,58.01,58.02,58.03,20,32,25,35,39,18,36,25,21,44
20191126,09:44:30.0,2019-11-26 09:44:30,CL2001,NYMEX,57.99,0,6348,0.0,57.92,58.02,57.84,58.01,58.01,1.7976931348623157e+308,1.7976931348623157e+308,0.0,57.98,57.97,57.96,57.95,57.94,57.99,58.0,58.01,58.02,58.03,19,32,25,35,39,18,36,25,21,44
20191126,09:44:34.0,2019-11-26 09:44:34,CL2001,NYMEX,57.98,0,6349,0.0,57.92,58.02,57.84,58.01,58.01,1.7976931348623157e+308,1.7976931348623157e+308,0.0,57.98,57.97,57.96,57.95,57.94,57.99,58.0,58.01,58.02,58.03,18,32,25,35,39,19,36,25,21,44
20191126,09:44:39.0,2019-11-26 09:44:39,CL2001,NYMEX,57.98,0,6349,0.0,57.92,58.02,57.84,58.01,58.01,1.7976931348623157e+308,1.7976931348623157e+308,0.0,57.98,57.97,57.96,57.95,57.94,57.99,58.0,58.01,58.02,58.03,17,32,25,35,40,19,37,25,21,44
20191126,09:44:40.0,2019-11-26 09:44:40,CL2001,NYMEX,57.98,0,6349,0.0,57.92,58.02,57.84,58.01,58.01,1.7976931348623157e+308,1.7976931348623157e+308,0.0,57.98,57.97,57.96,57.95,57.94,57.99,58.0,58.01,58.02,58.03,17,32,25,35,40,23,37,25,21,44
20191126,09:44:41.0,2019-11-26 09:44:41,CL2001,NYMEX,57.98,0,6349,0.0,57.92,58.02,57.84,58.01,58.01,1.7976931348623157e+308,1.7976931348623157e+308,0.0,57.98,57.97,57.96,57.95,57.94,57.99,58.0,58.01,58.02,58.03,16,32,25,35,40,23,37,25,21,44
20191126,09:44:45.0,2019-11-26 09:44:45,CL2001,NYMEX,57.98,0,6349,0.0,57.92,58.02,57.84,58.01,58.01,1.7976931348623157e+308,1.7976931348623157e+308,0.0,57.98,57.97,57.96,57.95,57.94,57.99,58.0,58.01,58.02,58.03,15,32,27,33,40,24,37,25,21,44
20191126,09:44:47.0,2019-11-26 09:44:47,CL2001,NYMEX,57.99,0,6349,0.0,57.92,58.02,57.84,58.01,58.01,1.7976931348623157e+308,1.7976931348623157e+308,0.0,57.98,57.97,57.96,57.95,57.94,57.99,58.0,58.01,58.02,58.03,15,32,27,33,40,24,37,25,21,44
20191126,09:44:47.0,2019-11-26 09:44:47,CL2001,NYMEX,57.99,0,6350,0.0,57.92,58.02,57.84,58.01,58.01,1.7976931348623157e+308,1.7976931348623157e+308,0.0,57.98,57.97,57.96,57.95,57.94,57.99,58.0,58.01,58.02,58.03,16,32,27,33,40,23,37,25,21,44
20191126,09:44:48.0,2019-11-26 09:44:48,CL2001,NYMEX,57.99,0,6350,0.0,57.92,58.02,57.84,58.01,58.01,1.7976931348623157e+308,1.7976931348623157e+308,0.0,57.98,57.97,57.96,57.95,57.94,57.99,58.0,58.01,58.02,58.03,15,32,27,33,40,23,37,25,21,44
20191126,09:44:51.0,2019-11-26 09:44:51,CL2001,NYMEX,57.99,0,6351,0.0,57.92,58.02,57.84,58.01,58.01,1.7976931348623157e+308,1.7976931348623157e+308,0.0,57.98,57.97,57.96,57.95,57.94,57.99,58.0,58.01,58.02,58.03,16,32,27,33,40,22,37,25,21,44
20191126,09:44:52.0,2019-11-26 09:44:52,CL2001,NYMEX,57.99,0,6351,0.0,57.92,58.02,57.84,58.01,58.01,1.7976931348623157e+308,1.7976931348623157e+308,0.0,57.98,57.97,57.96,57.95,57.94,57.99,58.0,58.01,58.02,58.03,15,32,27,33,40,22,37,25,21,44
20191126,09:44:57.0,2019-11-26 09:44:57,CL2001,NYMEX,57.98,0,6351,0.0,57.92,58.02,57.84,58.01,58.01,1.7976931348623157e+308,1.7976931348623157e+308,0.0,57.98,57.97,57.96,57.95,57.94,57.99,58.0,58.01,58.02,58.03,15,32,27,33,40,22,37,25,21,44
20191126,09:44:57.0,2019-11-26 09:44:57,CL2001,NYMEX,57.98,0,6352,0.0,57.92,58.02,57.84,58.01,58.01,1.7976931348623157e+308,1.7976931348623157e+308,0.0,57.98,57.97,57.96,57.95,57.94,57.99,58.0,58.01,58.02,58.03,14,32,27,33,40,22,37,25,21,44
20191126,09:44:59.0,2019-11-26 09:44:59,CL2001,NYMEX,57.98,0,6352,0.0,57.92,58.02,57.84,58.01,58.01,1.7976931348623157e+308,1.7976931348623157e+308,0.0,57.98,57.97,57.96,57.95,57.94,57.99,58.0,58.01,58.02,58.03,15,32,27,33,39,22,37,25,21,44
20191126,09:45:01.0,2019-11-26 09:45:01,CL2001,NYMEX,57.98,0,6352,0.0,57.92,58.02,57.84,58.01,58.01,1.7976931348623157e+308,1.7976931348623157e+308,0.0,57.98,57.97,57.96,57.95,57.94,57.99,58.0,58.01,58.02,58.03,15,32,27,33,39,22,37,25,21,44
20191126,09:45:02.0,2019-11-26 09:45:02,CL2001,NYMEX,57.98,0,6352,0.0,57.92,58.02,57.84,58.01,58.01,1.7976931348623157e+308,1.7976931348623157e+308,0.0,57.98,57.97,57.96,57.95,57.94,57.99,58.0,58.01,58.02,58.03,15,32,27,33,39,22,37,25,21,44
20191126,09:45:04.0,2019-11-26 09:45:04,CL2001,NYMEX,57.98,0,6352,0.0,57.92,58.02,57.84,58.01,58.01,1.7976931348623157e+308,1.7976931348623157e+308,0.0,57.98,57.97,57.96,57.95,57.94,57.99,58.0,58.01,58.02,58.03,14,32,27,33,39,22,37,25,21,44
20191126,09:45:05.0,2019-11-26 09:45:05,CL2001,NYMEX,57.98,0,6352,0.0,57.92,58.02,57.84,58.01,58.01,1.7976931348623157e+308,1.7976931348623157e+308,0.0,57.98,57.97,57.96,57.95,57.94,57.99,58.0,58.01,58.02,58.03,13,32,27,33,39,22,37,25,21,44
20191126,09:45:05.0,2019-11-26 09:45:05,CL2001,NYMEX,57.98,0,6358,0.0,57.92,58.02,57.84,58.01,58.01,1.7976931348623157e+308,1.7976931348623157e+308,0.0,57.98,57.97,57.96,57.95,57.94,57.99,58.0,58.01,58.02,58.03,12,33,26,33,39,23,37,27,21,42
20191126,09:45:06.0,2019-11-26 09:45:06,CL2001,NYMEX,57.98,0,6358,0.0,57.92,58.02,57.84,58.01,58.01,1.7976931348623157e+308,1.7976931348623157e+308,0.0,57.98,57.97,57.96,57.95,57.94,57.99,58.0,58.01,58.02,58.03,13,33,26,33,39,23,37,27,21,42
20191126,09:45:07.0,2019-11-26 09:45:07,CL2001,NYMEX,57.98,0,6358,0.0,57.92,58.02,57.84,58.01,58.01,1.7976931348623157e+308,1.7976931348623157e+308,0.0,57.98,57.97,57.96,57.95,57.94,57.99,58.0,58.01,58.02,58.03,13,33,26,31,37,22,37,25,19,42
20191126,09:45:08.0,2019-11-26 09:45:08,CL2001,NYMEX,57.98,0,6358,0.0,57.92,58.02,57.84,58.01,58.01,1.7976931348623157e+308,1.7976931348623157e+308,0.0,57.98,57.97,57.96,57.95,57.94,57.99,58.0,58.01,58.02,58.03,7,20,17,23,28,17,33,22,17,40
20191126,09:45:10.0,2019-11-26 09:45:10,CL2001,NYMEX,57.98,0,6358,0.0,57.92,58.02,57.84,58.01,58.01,1.7976931348623157e+308,1.7976931348623157e+308,0.0,57.98,57.97,57.96,57.95,57.94,57.99,58.0,58.01,58.02,58.03,7,20,17,23,28,17,33,22,17,40
20191126,09:45:11.0,2019-11-26 09:45:11,CL2001,NYMEX,57.98,0,6358,0.0,57.92,58.02,57.84,58.01,58.01,1.7976931348623157e+308,1.7976931348623157e+308,0.0,57.98,57.97,57.96,57.95,57.94,57.99,58.0,58.01,58.02,58.03,11,20,17,23,30,16,34,22,17,41
20191126,09:45:12.0,2019-11-26 09:45:12,CL2001,NYMEX,57.98,0,6358,0.0,57.92,58.02,57.84,58.01,58.01,1.7976931348623157e+308,1.7976931348623157e+308,0.0,57.98,57.97,57.96,57.95,57.94,57.99,58.0,58.01,58.02,58.03,14,20,17,23,32,16,34,22,19,44
20191126,09:45:17.0,2019-11-26 09:45:17,CL2001,NYMEX,57.98,0,6358,0.0,57.92,58.02,57.84,58.01,58.01,1.7976931348623157e+308,1.7976931348623157e+308,0.0,57.98,57.97,57.96,57.95,57.94,57.99,58.0,58.01,58.02,58.03,13,20,17,24,27,16,34,22,17,40
20191126,09:45:18.0,2019-11-26 09:45:18,CL2001,NYMEX,57.98,0,6358,0.0,57.92,58.02,57.84,58.01,58.01,1.7976931348623157e+308,1.7976931348623157e+308,0.0,57.98,57.97,57.96,57.95,57.94,57.99,58.0,58.01,58.02,58.03,13,20,17,24,27,16,36,22,17,40
20191126,09:45:19.0,2019-11-26 09:45:19,CL2001,NYMEX,57.98,0,6358,0.0,57.92,58.02,57.84,58.01,58.01,1.7976931348623157e+308,1.7976931348623157e+308,0.0,57.98,57.97,57.96,57.95,57.94,57.99,58.0,58.01,58.02,58.03,15,20,17,24,27,16,36,22,17,40
20191126,09:45:19.0,2019-11-26 09:45:19,CL2001,NYMEX,57.98,0,6359,0.0,57.92,58.02,57.84,58.01,58.01,1.7976931348623157e+308,1.7976931348623157e+308,0.0,57.98,57.97,57.96,57.95,57.94,57.99,58.0,58.01,58.02,58.03,15,20,17,24,27,15,36,22,17,40
20191126,09:45:20.0,2019-11-26 09:45:20,CL2001,NYMEX,57.98,0,6359,0.0,57.92,58.02,57.84,58.01,58.01,1.7976931348623157e+308,1.7976931348623157e+308,0.0,57.98,57.97,57.96,57.95,57.94,57.99,58.0,58.01,58.02,58.03,16,20,17,24,27,15,36,22,17,40
20191126,09:45:21.0,2019-11-26 09:45:21,CL2001,NYMEX,57.98,0,6359,0.0,57.92,58.02,57.84,58.01,58.01,1.7976931348623157e+308,1.7976931348623157e+308,0.0,57.98,57.97,57.96,57.95,57.94,57.99,58.0,58.01,58.02,58.03,16,20,17,24,27,14,36,22,17,40
20191126,09:45:22.0,2019-11-26 09:45:22,CL2001,NYMEX,57.98,0,6359,0.0,57.92,58.02,57.84,58.01,58.01,1.7976931348623157e+308,1.7976931348623157e+308,0.0,57.98,57.97,57.96,57.95,57.94,57.99,58.0,58.01,58.02,58.03,16,20,17,26,31,13,36,22,19,44
20191126,09:45:22.0,2019-11-26 09:45:22,CL2001,NYMEX,57.99,0,6372,0.0,57.92,58.02,57.84,58.01,58.01,1.7976931348623157e+308,1.7976931348623157e+308,0.0,57.99,57.98,57.97,57.96,57.95,58.0,58.01,58.02,58.03,58.04,9,20,19,20,29,34,23,17,42,28
20191126,09:45:24.0,2019-11-26 09:45:24,CL2001,NYMEX,57.99,0,6372,0.0,57.92,58.02,57.84,58.01,58.01,1.7976931348623157e+308,1.7976931348623157e+308,0.0,57.99,57.98,57.97,57.96,57.95,58.0,58.01,58.02,58.03,58.04,9,20,19,20,29,34,23,17,42,28
20191126,09:45:25.0,2019-11-26 09:45:25,CL2001,NYMEX,57.99,0,6372,0.0,57.92,58.02,57.84,58.01,58.01,1.7976931348623157e+308,1.7976931348623157e+308,0.0,57.99,57.98,57.97,57.96,57.95,58.0,58.01,58.02,58.03,58.04,8,21,18,20,29,34,23,17,42,28
20191126,09:45:26.0,2019-11-26 09:45:26,CL2001,NYMEX,57.99,0,6372,0.0,57.92,58.02,57.84,58.01,58.01,1.7976931348623157e+308,1.7976931348623157e+308,0.0,57.99,57.98,57.97,57.96,57.95,58.0,58.01,58.02,58.03,58.04,7,21,18,20,29,35,23,17,42,28
20191126,09:45:26.0,2019-11-26 09:45:26,CL2001,NYMEX,57.99,0,6373,0.0,57.92,58.02,57.84,58.01,58.01,1.7976931348623157e+308,1.7976931348623157e+308,0.0,57.99,57.98,57.97,57.96,57.95,58.0,58.01,58.02,58.03,58.04,1,21,18,18,29,35,23,17,42,28
20191126,09:45:27.0,2019-11-26 09:45:27,CL2001,NYMEX,57.99,0,6373,0.0,57.92,58.02,57.84,58.01,58.01,1.7976931348623157e+308,1.7976931348623157e+308,0.0,57.99,57.98,57.97,57.96,57.95,58.0,58.01,58.02,58.03,58.04,1,21,18,18,29,35,23,17,42,28
20191126,09:45:28.0,2019-11-26 09:45:28,CL2001,NYMEX,57.99,0,6373,0.0,57.92,58.02,57.84,58.01,58.01,1.7976931348623157e+308,1.7976931348623157e+308,0.0,57.99,57.98,57.97,57.96,57.95,58.0,58.01,58.02,58.03,58.04,1,21,18,18,29,33,23,17,42,28
20191126,09:45:29.0,2019-11-26 09:45:29,CL2001,NYMEX,57.99,0,6373,0.0,57.92,58.02,57.84,58.01,58.01,1.7976931348623157e+308,1.7976931348623157e+308,0.0,57.99,57.98,57.97,57.96,57.95,58.0,58.01,58.02,58.03,58.04,10,21,18,20,29,31,23,17,42,28
20191126,09:45:31.0,2019-11-26 09:45:31,CL2001,NYMEX,57.99,0,6373,0.0,57.92,58.02,57.84,58.01,58.01,1.7976931348623157e+308,1.7976931348623157e+308,0.0,57.99,57.98,57.97,57.96,57.95,58.0,58.01,58.02,58.03,58.04,12,21,18,21,29,27,23,19,42,28
20191126,09:45:32.0,2019-11-26 09:45:32,CL2001,NYMEX,58.0,0,6399,0.0,57.92,58.02,57.84,58.01,58.01,1.7976931348623157e+308,1.7976931348623157e+308,0.0,58.0,57.99,57.98,57.97,57.96,58.01,58.02,58.03,58.04,58.05,14,16,19,20,22,21,18,39,29,54
20191126,09:45:32.0,2019-11-26 09:45:32,CL2001,NYMEX,58.0,0,6400,0.0,57.92,58.02,57.84,58.01,58.01,1.7976931348623157e+308,1.7976931348623157e+308,0.0,58.0,57.99,57.98,57.97,57.96,58.01,58.02,58.03,58.04,58.05,14,16,19,18,22,17,18,39,29,54
20191126,09:45:33.0,2019-11-26 09:45:33,CL2001,NYMEX,58.0,0,6400,0.0,57.92,58.02,57.84,58.01,58.01,1.7976931348623157e+308,1.7976931348623157e+308,0.0,58.0,57.99,57.98,57.97,57.96,58.01,58.02,58.03,58.04,58.05,2,17,19,18,20,21,18,39,29,54
20191126,09:45:34.0,2019-11-26 09:45:34,CL2001,NYMEX,58.0,0,6400,0.0,57.92,58.02,57.84,58.01,58.01,1.7976931348623157e+308,1.7976931348623157e+308,0.0,58.0,57.99,57.98,57.97,57.96,58.01,58.02,58.03,58.04,58.05,4,17,19,18,22,21,18,39,29,54
20191126,09:45:35.0,2019-11-26 09:45:35,CL2001,NYMEX,58.0,0,6400,0.0,57.92,58.02,57.84,58.01,58.01,1.7976931348623157e+308,1.7976931348623157e+308,0.0,58.0,57.99,57.98,57.97,57.96,58.01,58.02,58.03,58.04,58.05,10,18,19,18,22,19,18,39,29,54
20191126,09:45:36.0,2019-11-26 09:45:36,CL2001,NYMEX,58.0,0,6400,0.0,57.92,58.02,57.84,58.01,58.01,1.7976931348623157e+308,1.7976931348623157e+308,0.0,58.0,57.99,57.98,57.97,57.96,58.01,58.02,58.03,58.04,58.05,13,18,19,20,22,19,18,39,29,54
20191126,09:45:36.0,2019-11-26 09:45:36,CL2001,NYMEX,58.0,0,6409,0.0,57.92,58.02,57.84,58.01,58.01,1.7976931348623157e+308,1.7976931348623157e+308,0.0,58.0,57.99,57.98,57.97,57.96,58.01,58.02,58.03,58.04,58.05,18,18,19,18,22,21,19,39,28,54
20191126,09:45:37.0,2019-11-26 09:45:37,CL2001,NYMEX,58.0,0,6409,0.0,57.92,58.02,57.84,58.01,58.01,1.7976931348623157e+308,1.7976931348623157e+308,0.0,58.0,57.99,57.98,57.97,57.96,58.01,58.02,58.03,58.04,58.05,19,18,19,18,22,19,19,39,28,54
20191126,09:45:38.0,2019-11-26 09:45:38,CL2001,NYMEX,58.0,0,6410,0.0,57.92,58.02,57.84,58.01,58.01,1.7976931348623157e+308,1.7976931348623157e+308,0.0,58.0,57.99,57.98,57.97,57.96,58.01,58.02,58.03,58.04,58.05,18,18,19,18,22,20,19,39,28,54
20191126,09:45:39.0,2019-11-26 09:45:39,CL2001,NYMEX,58.0,0,6410,0.0,57.92,58.02,57.84,58.01,58.01,1.7976931348623157e+308,1.7976931348623157e+308,0.0,58.0,57.99,57.98,57.97,57.96,58.01,58.02,58.03,58.04,58.05,18,18,19,18,22,21,19,39,28,54
20191126,09:45:40.0,2019-11-26 09:45:40,CL2001,NYMEX,58.0,0,6410,0.0,57.92,58.02,57.84,58.01,58.01,1.7976931348623157e+308,1.7976931348623157e+308,0.0,58.0,57.99,57.98,57.97,57.96,58.01,58.02,58.03,58.04,58.05,20,20,14,15,22,25,18,39,29,54
20191126,09:45:41.0,2019-11-26 09:45:41,CL2001,NYMEX,58.0,0,6410,0.0,57.92,58.02,57.84,58.01,58.01,1.7976931348623157e+308,1.7976931348623157e+308,0.0,58.0,57.99,57.98,57.97,57.96,58.01,58.02,58.03,58.04,58.05,21,19,14,15,22,21,19,39,28,54
20191126,09:45:42.0,2019-11-26 09:45:42,CL2001,NYMEX,58.0,0,6410,0.0,57.92,58.02,57.84,58.01,58.01,1.7976931348623157e+308,1.7976931348623157e+308,0.0,58.0,57.99,57.98,57.97,57.96,58.01,58.02,58.03,58.04,58.05,20,19,15,15,22,22,19,39,28,54
20191126,09:45:43.0,2019-11-26 09:45:43,CL2001,NYMEX,58.0,0,6410,0.0,57.92,58.02,57.84,58.01,58.01,1.7976931348623157e+308,1.7976931348623157e+308,0.0,58.0,57.99,57.98,57.97,57.96,58.01,1.7976931348623157e+308,1.7976931348623157e+308,1.7976931348623157e+308,1.7976931348623157e+308,20,19,15,15,22,25,0,0,0,0
20191126,09:45:44.0,2019-11-26 09:45:44,CL2001,NYMEX,58.0,0,6410,0.0,57.92,58.02,57.84,58.01,58.01,1.7976931348623157e+308,1.7976931348623157e+308,0.0,58.0,57.99,57.98,57.97,57.96,58.01,58.02,58.03,58.04,58.05,19,19,15,15,22,23,19,41,28,52
20191126,09:45:46.0,2019-11-26 09:45:46,CL2001,NYMEX,58.0,0,6410,0.0,57.92,58.02,57.84,58.01,58.01,1.7976931348623157e+308,1.7976931348623157e+308,0.0,58.0,57.99,57.98,57.97,57.96,58.01,58.02,58.03,58.04,58.05,20,19,15,15,22,23,19,41,28,52
20191126,09:45:47.0,2019-11-26 09:45:47,CL2001,NYMEX,58.0,0,6410,0.0,57.92,58.02,57.84,58.01,58.01,1.7976931348623157e+308,1.7976931348623157e+308,0.0,58.0,57.99,57.98,57.97,57.96,58.01,58.02,58.03,58.04,58.05,20,19,15,15,22,23,19,41,28,52
20191126,09:45:48.0,2019-11-26 09:45:48,CL2001,NYMEX,58.0,0,6438,0.0,57.92,58.02,57.84,58.01,58.01,1.7976931348623157e+308,1.7976931348623157e+308,0.0,57.99,57.98,57.97,57.96,57.95,58.0,58.01,58.02,58.03,58.04,17,17,15,22,29,6,26,19,41,28
20191126,09:45:49.0,2019-11-26 09:45:49,CL2001,NYMEX,58.0,0,6438,0.0,57.92,58.02,57.84,58.01,58.01,1.7976931348623157e+308,1.7976931348623157e+308,0.0,57.99,57.98,57.97,57.96,57.95,58.0,58.01,58.02,58.03,58.04,17,17,15,20,29,14,26,19,43,26
20191126,09:45:50.0,2019-11-26 09:45:50,CL2001,NYMEX,58.0,0,6438,0.0,57.92,58.02,57.84,58.01,58.01,1.7976931348623157e+308,1.7976931348623157e+308,0.0,57.99,57.98,57.97,57.96,57.95,58.0,58.01,58.02,58.03,58.04,19,17,15,20,29,12,26,19,43,26
20191126,09:45:51.0,2019-11-26 09:45:51,CL2001,NYMEX,58.0,0,6438,0.0,57.92,58.02,57.84,58.01,58.01,1.7976931348623157e+308,1.7976931348623157e+308,0.0,57.99,57.98,57.97,57.96,57.95,58.0,58.01,58.02,58.03,58.04,19,17,15,20,29,12,26,19,43,26
20191126,09:45:52.0,2019-11-26 09:45:52,CL2001,NYMEX,58.0,0,6438,0.0,57.92,58.02,57.84,58.01,58.01,1.7976931348623157e+308,1.7976931348623157e+308,0.0,57.99,57.98,57.97,57.96,57.95,58.0,58.01,58.02,58.03,58.04,19,17,15,22,29,12,26,19,43,26
20191126,09:45:53.0,2019-11-26 09:45:53,CL2001,NYMEX,58.0,0,6438,0.0,57.92,58.02,57.84,58.01,58.01,1.7976931348623157e+308,1.7976931348623157e+308,0.0,57.99,57.98,57.97,57.96,57.95,58.0,58.01,58.02,58.03,58.04,19,17,15,22,29,12,26,19,43,26
20191126,09:45:54.0,2019-11-26 09:45:54,CL2001,NYMEX,58.0,0,6438,0.0,57.92,58.02,57.84,58.01,58.01,1.7976931348623157e+308,1.7976931348623157e+308,0.0,57.99,57.98,57.97,57.96,57.95,58.0,58.01,58.02,58.03,58.04,19,17,15,22,29,13,26,19,43,26
20191126,09:45:55.0,2019-11-26 09:45:55,CL2001,NYMEX,58.0,0,6438,0.0,57.92,58.02,57.84,58.01,58.01,1.7976931348623157e+308,1.7976931348623157e+308,0.0,57.99,57.98,57.97,57.96,57.95,58.0,58.01,58.02,58.03,58.04,19,17,15,20,29,14,26,19,43,26
20191126,09:45:56.0,2019-11-26 09:45:56,CL2001,NYMEX,58.0,0,6438,0.0,57.92,58.02,57.84,58.01,58.01,1.7976931348623157e+308,1.7976931348623157e+308,0.0,57.99,57.98,57.97,57.96,57.95,58.0,58.01,58.02,58.03,58.04,19,17,15,20,29,14,26,19,43,26
20191126,09:45:57.0,2019-11-26 09:45:57,CL2001,NYMEX,58.0,0,6438,0.0,57.92,58.02,57.84,58.01,58.01,1.7976931348623157e+308,1.7976931348623157e+308,0.0,57.99,57.98,57.97,57.96,57.95,58.0,58.01,58.02,58.03,58.04,19,17,15,20,29,13,27,19,43,26
20191126,09:45:58.0,2019-11-26 09:45:58,CL2001,NYMEX,58.0,0,6438,0.0,57.92,58.02,57.84,58.01,58.01,1.7976931348623157e+308,1.7976931348623157e+308,0.0,57.99,57.98,57.97,57.96,57.95,58.0,58.01,58.02,58.03,58.04,18,20,15,20,29,15,27,19,43,26
20191126,09:46:00.0,2019-11-26 09:46:00,CL2001,NYMEX,58.0,0,6439,0.0,57.92,58.02,57.84,58.01,58.01,1.7976931348623157e+308,1.7976931348623157e+308,0.0,57.99,57.98,57.97,57.96,57.95,58.0,58.01,58.02,58.03,58.04,18,20,15,20,29,15,27,19,43,26
20191126,09:46:00.0,2019-11-26 09:46:00,CL2001,NYMEX,58.0,0,6456,0.0,57.92,58.02,57.84,58.01,58.01,1.7976931348623157e+308,1.7976931348623157e+308,0.0,58.0,57.99,57.98,57.97,57.96,58.01,58.02,58.03,58.04,58.05,4,25,20,15,22,29,18,41,28,52
20191126,09:46:01.0,2019-11-26 09:46:01,CL2001,NYMEX,58.0,0,6456,0.0,57.92,58.02,57.84,58.01,58.01,1.7976931348623157e+308,1.7976931348623157e+308,0.0,58.0,57.99,57.98,57.97,57.96,58.01,58.02,58.03,58.04,58.05,15,25,20,15,22,24,17,41,29,52
20191126,09:46:02.0,2019-11-26 09:46:02,CL2001,NYMEX,58.0,0,6456,0.0,57.92,58.02,57.84,58.01,58.01,1.7976931348623157e+308,1.7976931348623157e+308,0.0,58.0,57.99,57.98,57.97,57.96,58.01,58.02,58.03,58.04,58.05,17,25,20,15,22,22,18,39,28,54
20191126,09:46:03.0,2019-11-26 09:46:03,CL2001,NYMEX,58.0,0,6456,0.0,57.92,58.02,57.84,58.01,58.01,1.7976931348623157e+308,1.7976931348623157e+308,0.0,58.0,57.99,57.98,57.97,57.96,58.01,58.02,58.03,58.04,58.05,19,25,20,15,22,21,18,39,28,54
20191126,09:46:03.0,2019-11-26 09:46:03,CL2001,NYMEX,58.01,0,6461,0.0,57.92,58.02,57.84,58.01,58.01,1.7976931348623157e+308,1.7976931348623157e+308,0.0,58.0,57.99,57.98,57.97,57.96,58.01,58.02,58.03,58.04,58.05,17,25,20,16,22,19,18,39,29,54
20191126,09:46:04.0,2019-11-26 09:46:04,CL2001,NYMEX,58.01,0,6461,0.0,57.92,58.02,57.84,58.01,58.01,1.7976931348623157e+308,1.7976931348623157e+308,0.0,58.0,57.99,57.98,57.97,57.96,58.01,58.02,58.03,58.04,58.05,13,25,20,16,22,27,19,39,28,54
20191126,09:46:04.0,2019-11-26 09:46:04,CL2001,NYMEX,58.01,0,6462,0.0,57.92,58.02,57.84,58.01,58.01,1.7976931348623157e+308,1.7976931348623157e+308,0.0,58.0,57.99,57.98,57.97,57.96,58.01,58.02,58.03,58.04,58.05,13,25,20,16,22,26,19,39,28,54
20191126,09:46:05.0,2019-11-26 09:46:05,CL2001,NYMEX,58.01,0,6462,0.0,57.92,58.02,57.84,58.01,58.01,1.7976931348623157e+308,1.7976931348623157e+308,0.0,58.0,57.99,57.98,57.97,57.96,58.01,58.02,58.03,58.04,58.05,13,25,20,16,22,23,19,39,28,54
20191126,09:46:05.0,2019-11-26 09:46:05,CL2001,NYMEX,58.01,0,6463,0.0,57.92,58.02,57.84,58.01,58.01,1.7976931348623157e+308,1.7976931348623157e+308,0.0,58.0,57.99,57.98,57.97,57.96,58.01,58.02,58.03,58.04,58.05,19,25,20,16,22,14,19,39,28,54
20191126,09:46:06.0,2019-11-26 09:46:06,CL2001,NYMEX,58.01,0,6463,0.0,57.92,58.02,57.84,58.01,58.01,1.7976931348623157e+308,1.7976931348623157e+308,0.0,58.0,57.99,57.98,57.97,57.96,58.01,58.02,58.03,58.04,58.05,19,25,20,16,22,15,19,39,28,54
20191126,09:46:06.0,2019-11-26 09:46:06,CL2001,NYMEX,58.01,0,6465,0.0,57.92,58.02,57.84,58.01,58.01,1.7976931348623157e+308,1.7976931348623157e+308,0.0,58.0,57.99,57.98,57.97,57.96,58.01,58.02,58.03,58.04,58.05,13,25,20,16,22,23,19,39,28,54
20191126,09:46:07.0,2019-11-26 09:46:07,CL2001,NYMEX,58.01,0,6465,0.0,57.92,58.02,57.84,58.01,58.01,1.7976931348623157e+308,1.7976931348623157e+308,0.0,58.0,57.99,57.98,57.97,57.96,58.01,58.02,58.03,58.04,58.05,14,25,20,16,22,23,19,39,28,54
20191126,09:46:07.0,2019-11-26 09:46:07,CL2001,NYMEX,58.01,0,6466,0.0,57.92,58.02,57.84,58.01,58.01,1.7976931348623157e+308,1.7976931348623157e+308,0.0,58.0,57.99,57.98,57.97,57.96,58.01,58.02,58.03,58.04,58.05,15,25,20,16,22,21,19,39,28,54
20191126,09:46:07.0,2019-11-26 09:46:07,CL2001,NYMEX,58.01,0,6468,0.0,57.92,58.02,57.84,58.01,58.01,1.7976931348623157e+308,1.7976931348623157e+308,0.0,58.0,57.99,57.98,57.97,57.96,58.01,58.02,58.03,58.04,58.05,15,25,20,16,22,19,19,39,28,54
20191126,09:46:08.0,2019-11-26 09:46:08,CL2001,NYMEX,58.01,0,6468,0.0,57.92,58.02,57.84,58.01,58.01,1.7976931348623157e+308,1.7976931348623157e+308,0.0,58.0,57.99,57.98,57.97,57.96,58.01,58.02,58.03,58.04,58.05,15,25,20,16,22,20,19,39,28,54
20191126,09:46:09.0,2019-11-26 09:46:09,CL2001,NYMEX,58.01,0,6470,0.0,57.92,58.02,57.84,58.01,58.01,1.7976931348623157e+308,1.7976931348623157e+308,0.0,58.0,57.99,57.98,57.97,57.96,58.01,58.02,58.03,58.04,58.05,17,25,20,16,22,17,19,39,28,54
20191126,09:46:10.0,2019-11-26 09:46:10,CL2001,NYMEX,58.01,0,6473,0.0,57.92,58.02,57.84,58.01,58.01,1.7976931348623157e+308,1.7976931348623157e+308,0.0,58.0,57.99,57.98,57.97,57.96,58.01,58.02,58.03,58.04,58.05,20,25,21,16,22,10,19,39,28,54
20191126,09:46:11.0,2019-11-26 09:46:11,CL2001,NYMEX,58.01,0,6481,0.0,57.92,58.02,57.84,58.01,58.01,1.7976931348623157e+308,1.7976931348623157e+308,0.0,58.01,58.0,57.99,57.98,57.97,58.02,58.03,58.04,58.05,58.06,10,24,25,22,19,19,38,24,54,22
20191126,09:46:11.0,2019-11-26 09:46:11,CL2001,NYMEX,58.01,0,6482,0.0,57.92,58.02,57.84,58.01,58.01,1.7976931348623157e+308,1.7976931348623157e+308,0.0,58.01,58.0,57.99,57.98,57.97,58.02,58.03,58.04,58.05,58.06,12,24,24,20,19,19,38,24,54,24
20191126,09:46:12.0,2019-11-26 09:46:12,CL2001,NYMEX,58.01,0,6483,0.0,57.92,58.02,57.84,58.01,58.01,1.7976931348623157e+308,1.7976931348623157e+308,0.0,58.01,58.0,57.99,57.98,57.97,58.02,58.03,58.04,58.05,58.06,12,24,24,20,19,19,38,24,54,24
20191126,09:46:12.0,2019-11-26 09:46:12,CL2001,NYMEX,58.02,0,6486,0.0,57.92,58.02,57.84,58.01,58.01,1.7976931348623157e+308,1.7976931348623157e+308,0.0,58.01,58.0,57.99,57.98,57.97,58.02,58.03,58.04,58.05,58.06,14,24,24,22,19,16,38,24,54,24
20191126,09:46:13.0,2019-11-26 09:46:13,CL2001,NYMEX,58.02,0,6487,0.0,57.92,58.02,57.84,58.01,58.01,1.7976931348623157e+308,1.7976931348623157e+308,0.0,58.01,58.0,57.99,57.98,57.97,58.02,58.03,58.04,58.05,58.06,13,24,24,22,19,18,38,24,54,24
20191126,09:46:13.0,2019-11-26 09:46:13,CL2001,NYMEX,58.02,0,6488,0.0,57.92,58.02,57.84,58.01,58.01,1.7976931348623157e+308,1.7976931348623157e+308,0.0,58.01,58.0,57.99,57.98,57.97,58.02,58.03,58.04,58.05,58.06,14,24,24,22,19,17,38,24,54,24
20191126,09:46:14.0,2019-11-26 09:46:14,CL2001,NYMEX,58.02,0,6489,0.0,57.92,58.02,57.84,58.01,58.01,1.7976931348623157e+308,1.7976931348623157e+308,0.0,58.01,58.0,57.99,57.98,57.97,58.02,58.03,58.04,58.05,58.06,16,24,24,22,19,20,38,24,54,24
20191126,09:46:15.0,2019-11-26 09:46:15,CL2001,NYMEX,58.02,0,6489,0.0,57.92,58.02,57.84,58.01,58.01,1.7976931348623157e+308,1.7976931348623157e+308,0.0,58.01,58.0,57.99,57.98,57.97,58.02,58.03,58.04,58.05,58.06,16,24,24,22,19,20,39,24,54,24
20191126,09:46:16.0,2019-11-26 09:46:16,CL2001,NYMEX,58.02,0,6489,0.0,57.92,58.02,57.84,58.01,58.01,1.7976931348623157e+308,1.7976931348623157e+308,0.0,58.01,58.0,57.99,57.98,57.97,58.02,58.03,58.04,58.05,58.06,17,23,23,22,19,25,39,24,54,24
20191126,09:46:17.0,2019-11-26 09:46:17,CL2001,NYMEX,58.02,0,6489,0.0,57.92,58.02,57.84,58.01,58.01,1.7976931348623157e+308,1.7976931348623157e+308,0.0,58.01,58.0,57.99,57.98,57.97,58.02,58.03,58.04,58.05,58.06,15,23,23,22,19,25,39,24,54,24
20191126,09:46:18.0,2019-11-26 09:46:18,CL2001,NYMEX,58.02,0,6489,0.0,57.92,58.02,57.84,58.01,58.01,1.7976931348623157e+308,1.7976931348623157e+308,0.0,58.01,58.0,57.99,57.98,57.97,58.02,58.03,58.04,58.05,58.06,16,23,23,22,19,20,39,24,54,24
20191126,09:46:19.0,2019-11-26 09:46:19,CL2001,NYMEX,58.02,0,6489,0.0,57.92,58.02,57.84,58.01,58.01,1.7976931348623157e+308,1.7976931348623157e+308,0.0,58.01,58.0,57.99,57.98,57.97,58.02,58.03,58.04,58.05,58.06,18,23,23,22,19,18,39,24,54,24
20191126,09:46:20.0,2019-11-26 09:46:20,CL2001,NYMEX,58.02,0,6489,0.0,57.92,58.02,57.84,58.01,58.01,1.7976931348623157e+308,1.7976931348623157e+308,0.0,58.01,58.0,57.99,57.98,57.97,58.02,1.7976931348623157e+308,1.7976931348623157e+308,1.7976931348623157e+308,1.7976931348623157e+308,19,23,23,22,19,18,0,0,0,0
20191126,09:46:21.0,2019-11-26 09:46:21,CL2001,NYMEX,58.02,0,6489,0.0,57.92,58.02,57.84,58.01,58.01,1.7976931348623157e+308,1.7976931348623157e+308,0.0,58.01,58.0,57.99,57.98,57.97,58.02,58.03,58.04,58.05,58.06,21,22,23,22,19,17,39,24,54,24
20191126,09:46:21.0,2019-11-26 09:46:21,CL2001,NYMEX,58.02,0,6506,0.0,57.92,58.02,57.84,58.01,58.01,1.7976931348623157e+308,1.7976931348623157e+308,0.0,58.02,58.01,58.0,57.99,57.98,58.03,58.04,58.05,58.06,58.07,9,27,22,24,23,43,24,51,22,42
20191126,09:46:22.0,2019-11-26 09:46:22,CL2001,NYMEX,58.02,0,6506,0.0,57.92,58.02,57.84,58.01,58.01,1.7976931348623157e+308,1.7976931348623157e+308,0.0,58.02,58.01,58.0,57.99,57.98,58.03,58.04,58.05,58.06,58.07,20,27,22,24,23,43,24,51,22,42
20191126,09:46:23.0,2019-11-26 09:46:23,CL2001,NYMEX,58.02,0,6506,0.0,57.92,58.02,57.84,58.01,58.01,1.7976931348623157e+308,1.7976931348623157e+308,0.0,58.02,58.01,58.0,57.99,57.98,58.03,58.04,58.05,58.06,58.07,26,27,21,25,23,35,24,51,22,42
20191126,09:46:24.0,2019-11-26 09:46:24,CL2001,NYMEX,58.03,0,6540,0.0,57.92,58.03,57.84,58.01,58.01,1.7976931348623157e+308,1.7976931348623157e+308,0.0,58.03,58.02,58.01,58.0,57.99,58.04,58.05,58.06,58.07,58.08,19,28,27,25,28,22,50,21,42,36
20191126,09:46:25.0,2019-11-26 09:46:25,CL2001,NYMEX,58.04,0,6547,0.0,57.92,58.04,57.84,58.01,58.01,1.7976931348623157e+308,1.7976931348623157e+308,0.0,58.03,58.02,58.01,58.0,57.99,58.04,58.05,58.06,58.07,58.08,18,29,26,25,28,15,51,20,42,38
20191126,09:46:25.0,2019-11-26 09:46:25,CL2001,NYMEX,58.05,0,6584,0.0,57.92,58.05,57.84,58.01,58.01,1.7976931348623157e+308,1.7976931348623157e+308,0.0,58.04,58.03,58.02,58.01,58.0,58.05,58.06,58.07,58.08,58.09,20,29,28,27,26,44,19,37,38,43
20191126,09:46:26.0,2019-11-26 09:46:26,CL2001,NYMEX,58.05,0,6664,0.0,57.92,58.06,57.84,58.01,58.01,1.7976931348623157e+308,1.7976931348623157e+308,0.0,58.04,58.03,58.02,58.01,58.0,58.05,58.06,58.07,58.08,58.09,26,28,32,30,23,6,26,34,37,43
20191126,09:46:26.0,2019-11-26 09:46:26,CL2001,NYMEX,58.05,0,6667,0.0,57.92,58.06,57.84,58.01,58.01,1.7976931348623157e+308,1.7976931348623157e+308,0.0,58.04,58.03,58.02,58.01,58.0,58.05,58.06,58.07,58.08,58.09,21,28,29,30,21,16,27,34,37,43
20191126,09:46:26.0,2019-11-26 09:46:26,CL2001,NYMEX,58.05,0,6676,0.0,57.92,58.06,57.84,58.01,58.01,1.7976931348623157e+308,1.7976931348623157e+308,0.0,58.04,58.03,58.02,58.01,58.0,58.05,58.06,58.07,58.08,58.09,24,28,29,30,23,12,27,34,37,43
20191126,09:46:26.0,2019-11-26 09:46:26,CL2001,NYMEX,58.05,0,6677,0.0,57.92,58.06,57.84,58.01,58.01,1.7976931348623157e+308,1.7976931348623157e+308,0.0,58.04,58.03,58.02,58.01,58.0,58.05,58.06,58.07,58.08,58.09,24,28,29,30,23,9,27,34,37,43
20191126,09:46:26.0,2019-11-26 09:46:26,CL2001,NYMEX,58.05,0,6685,0.0,57.92,58.06,57.84,58.01,58.01,1.7976931348623157e+308,1.7976931348623157e+308,0.0,58.04,58.03,58.02,58.01,58.0,58.05,58.06,58.07,58.08,58.09,20,28,29,30,23,22,28,34,37,43
20191126,09:46:27.0,2019-11-26 09:46:27,CL2001,NYMEX,58.05,0,6685,0.0,57.92,58.06,57.84,58.01,58.01,1.7976931348623157e+308,1.7976931348623157e+308,0.0,58.04,58.03,58.02,58.01,58.0,58.05,58.06,58.07,58.08,58.09,19,29,29,30,23,23,28,34,38,43
20191126,09:46:27.0,2019-11-26 09:46:27,CL2001,NYMEX,58.05,0,6686,0.0,57.92,58.06,57.84,58.01,58.01,1.7976931348623157e+308,1.7976931348623157e+308,0.0,58.04,58.03,58.02,58.01,58.0,58.05,58.06,58.07,58.08,58.09,27,32,31,30,21,10,28,34,38,43
20191126,09:46:28.0,2019-11-26 09:46:28,CL2001,NYMEX,58.05,0,6686,0.0,57.92,58.06,57.84,58.01,58.01,1.7976931348623157e+308,1.7976931348623157e+308,0.0,58.04,58.03,58.02,58.01,58.0,58.05,58.06,58.07,58.08,58.09,27,32,31,30,21,9,28,34,38,43
20191126,09:46:28.0,2019-11-26 09:46:28,CL2001,NYMEX,58.04,0,6690,0.0,57.92,58.06,57.84,58.01,58.01,1.7976931348623157e+308,1.7976931348623157e+308,0.0,58.04,58.03,58.02,58.01,58.0,58.05,58.06,58.07,58.08,58.09,24,32,30,30,21,6,27,34,38,43
20191126,09:46:28.0,2019-11-26 09:46:28,CL2001,NYMEX,58.05,0,6696,0.0,57.92,58.06,57.84,58.01,58.01,1.7976931348623157e+308,1.7976931348623157e+308,0.0,58.04,58.03,58.02,58.01,58.0,58.05,58.06,58.07,58.08,58.09,25,32,30,30,21,5,26,35,38,43
20191126,09:46:29.0,2019-11-26 09:46:29,CL2001,NYMEX,58.05,0,6696,0.0,57.92,58.06,57.84,58.01,58.01,1.7976931348623157e+308,1.7976931348623157e+308,0.0,58.04,58.03,58.02,58.01,58.0,58.05,58.06,58.07,58.08,58.09,26,32,30,29,26,3,26,35,38,43
20191126,09:46:29.0,2019-11-26 09:46:29,CL2001,NYMEX,58.05,0,6697,0.0,57.92,58.06,57.84,58.01,58.01,1.7976931348623157e+308,1.7976931348623157e+308,0.0,58.04,58.03,58.02,58.01,58.0,58.05,58.06,58.07,58.08,58.09,27,32,30,29,26,2,26,35,38,43
20191126,09:46:29.0,2019-11-26 09:46:29,CL2001,NYMEX,58.05,0,6702,0.0,57.92,58.06,57.84,58.01,58.01,1.7976931348623157e+308,1.7976931348623157e+308,0.0,58.04,58.03,58.02,58.01,58.0,58.05,58.06,58.07,58.08,58.09,27,32,30,29,21,9,26,35,38,43
20191126,09:46:29.0,2019-11-26 09:46:29,CL2001,NYMEX,58.05,0,6721,0.0,57.92,58.06,57.84,58.01,58.01,1.7976931348623157e+308,1.7976931348623157e+308,0.0,58.05,58.04,58.03,58.02,58.01,58.06,58.07,58.08,58.09,58.1,3,29,32,30,28,24,35,36,43,51
20191126,09:46:30.0,2019-11-26 09:46:30,CL2001,NYMEX,58.05,0,6723,0.0,57.92,58.06,57.84,58.01,58.01,1.7976931348623157e+308,1.7976931348623157e+308,0.0,58.04,58.03,58.02,58.01,58.0,58.06,58.07,58.08,58.09,58.1,27,31,30,28,21,24,35,36,43,53
20191126,09:46:30.0,2019-11-26 09:46:30,CL2001,NYMEX,58.06,0,6724,0.0,57.92,58.06,57.84,58.01,58.01,1.7976931348623157e+308,1.7976931348623157e+308,0.0,58.04,58.03,58.02,58.01,58.0,58.06,58.07,58.08,58.09,58.1,27,31,30,28,21,23,35,36,43,53
20191126,09:46:30.0,2019-11-26 09:46:30,CL2001,NYMEX,58.05,0,6735,0.0,57.92,58.06,57.84,58.01,58.01,1.7976931348623157e+308,1.7976931348623157e+308,0.0,58.05,58.04,58.03,58.02,58.01,58.06,58.07,58.08,58.09,58.1,12,28,31,31,27,20,34,35,41,53
20191126,09:46:31.0,2019-11-26 09:46:31,CL2001,NYMEX,58.07,0,6746,0.0,57.92,58.07,57.84,58.01,58.01,1.7976931348623157e+308,1.7976931348623157e+308,0.0,58.06,58.05,58.04,58.03,58.02,58.07,58.08,58.09,58.1,58.11,19,27,30,35,30,25,34,39,53,43
20191126,09:46:31.0,2019-11-26 09:46:31,CL2001,NYMEX,58.07,0,6748,0.0,57.92,58.07,57.84,58.01,58.01,1.7976931348623157e+308,1.7976931348623157e+308,0.0,58.06,58.05,58.04,58.03,58.02,58.07,58.08,58.09,58.1,58.11,19,27,30,35,30,26,34,39,53,43
20191126,09:46:31.0,2019-11-26 09:46:31,CL2001,NYMEX,58.07,0,6750,0.0,57.92,58.07,57.84,58.01,58.01,1.7976931348623157e+308,1.7976931348623157e+308,0.0,58.06,58.05,58.04,58.03,58.02,58.07,58.08,58.09,58.1,58.11,14,27,30,35,30,31,34,39,53,45
20191126,09:46:32.0,2019-11-26 09:46:32,CL2001,NYMEX,58.07,0,6767,0.0,57.92,58.07,57.84,58.01,58.01,1.7976931348623157e+308,1.7976931348623157e+308,0.0,58.06,58.05,58.04,58.03,58.02,58.07,58.08,58.09,58.1,58.11,26,27,30,35,30,9,34,39,53,45
20191126,09:46:32.0,2019-11-26 09:46:32,CL2001,NYMEX,58.06,0,6768,0.0,57.92,58.07,57.84,58.01,58.01,1.7976931348623157e+308,1.7976931348623157e+308,0.0,58.06,58.05,58.04,58.03,58.02,58.07,58.08,58.09,58.1,58.11,21,27,31,35,30,8,34,39,53,45
20191126,09:46:32.0,2019-11-26 09:46:32,CL2001,NYMEX,58.07,0,6776,0.0,57.92,58.07,57.84,58.01,58.01,1.7976931348623157e+308,1.7976931348623157e+308,0.0,58.07,58.06,58.05,58.04,58.03,58.08,58.09,58.1,58.11,58.12,13,22,27,32,35,35,37,50,43,33
20191126,09:46:32.0,2019-11-26 09:46:32,CL2001,NYMEX,58.07,0,6777,0.0,57.92,58.07,57.84,58.01,58.01,1.7976931348623157e+308,1.7976931348623157e+308,0.0,58.07,58.06,58.05,58.04,58.03,58.08,58.09,58.1,58.11,58.12,14,22,27,32,35,33,37,50,45,31
20191126,09:46:32.0,2019-11-26 09:46:32,CL2001,NYMEX,58.08,0,6779,0.0,57.92,58.08,57.84,58.01,58.01,1.7976931348623157e+308,1.7976931348623157e+308,0.0,58.07,58.06,58.05,58.04,58.03,58.08,58.09,58.1,58.11,58.12,20,22,30,33,33,25,37,51,43,31
20191126,09:46:33.0,2019-11-26 09:46:33,CL2001,NYMEX,58.08,0,6781,0.0,57.92,58.08,57.84,58.01,58.01,1.7976931348623157e+308,1.7976931348623157e+308,0.0,58.07,58.06,58.05,58.04,58.03,58.08,58.09,58.1,58.11,58.12,21,22,30,33,33,25,37,51,43,31
20191126,09:46:33.0,2019-11-26 09:46:33,CL2001,NYMEX,58.08,0,6783,0.0,57.92,58.08,57.84,58.01,58.01,1.7976931348623157e+308,1.7976931348623157e+308,0.0,58.07,58.06,58.05,58.04,58.03,58.08,58.09,58.1,58.11,58.12,25,22,30,33,33,22,38,51,43,33
20191126,09:46:33.0,2019-11-26 09:46:33,CL2001,NYMEX,58.08,0,6787,0.0,57.92,58.08,57.84,58.01,58.01,1.7976931348623157e+308,1.7976931348623157e+308,0.0,58.07,58.06,58.05,58.04,58.03,58.08,58.09,58.1,58.11,58.12,24,22,30,33,33,18,38,51,43,33
20191126,09:46:33.0,2019-11-26 09:46:33,CL2001,NYMEX,58.08,0,6792,0.0,57.92,58.08,57.84,58.01,58.01,1.7976931348623157e+308,1.7976931348623157e+308,0.0,58.07,58.06,58.05,58.04,58.03,58.08,58.09,58.1,58.11,58.12,27,22,28,33,35,21,38,51,43,33
20191126,09:46:34.0,2019-11-26 09:46:34,CL2001,NYMEX,58.08,0,6809,0.0,57.92,58.08,57.84,58.01,58.01,1.7976931348623157e+308,1.7976931348623157e+308,0.0,58.07,58.06,58.05,58.04,58.03,58.08,58.09,58.1,58.11,58.12,20,23,30,33,33,10,38,51,41,31
20191126,09:46:35.0,2019-11-26 09:46:35,CL2001,NYMEX,58.07,0,6836,0.0,57.92,58.08,57.84,58.01,58.01,1.7976931348623157e+308,1.7976931348623157e+308,0.0,58.07,58.06,58.05,58.04,58.03,58.08,58.09,58.1,58.11,58.12,15,23,28,30,35,24,38,51,43,31
20191126,09:46:35.0,2019-11-26 09:46:35,CL2001,NYMEX,58.07,0,6837,0.0,57.92,58.08,57.84,58.01,58.01,1.7976931348623157e+308,1.7976931348623157e+308,0.0,58.07,58.06,58.05,58.04,58.03,58.08,58.09,58.1,58.11,58.12,15,23,28,30,35,24,38,51,43,31
20191126,09:46:35.0,2019-11-26 09:46:35,CL2001,NYMEX,58.08,0,6840,0.0,57.92,58.08,57.84,58.01,58.01,1.7976931348623157e+308,1.7976931348623157e+308,0.0,58.07,58.06,58.05,58.04,58.03,58.08,58.09,58.1,58.11,58.12,15,23,28,30,35,19,38,51,43,31
20191126,09:46:36.0,2019-11-26 09:46:36,CL2001,NYMEX,58.08,0,6840,0.0,57.92,58.08,57.84,58.01,58.01,1.7976931348623157e+308,1.7976931348623157e+308,0.0,58.07,58.06,58.05,58.04,58.03,58.08,58.09,58.1,58.11,58.12,23,23,28,33,35,7,38,51,43,31
20191126,09:46:36.0,2019-11-26 09:46:36,CL2001,NYMEX,58.09,0,6876,0.0,57.92,58.09,57.84,58.01,58.01,1.7976931348623157e+308,1.7976931348623157e+308,0.0,58.08,58.07,58.06,58.05,58.04,58.09,58.1,58.11,58.12,58.13,23,26,23,30,32,22,51,40,29,24
20191126,09:46:36.0,2019-11-26 09:46:36,CL2001,NYMEX,58.09,0,6878,0.0,57.92,58.09,57.84,58.01,58.01,1.7976931348623157e+308,1.7976931348623157e+308,0.0,58.08,58.07,58.06,58.05,58.04,58.09,58.1,58.11,58.12,58.13,24,26,23,30,32,21,51,40,29,24
20191126,09:46:37.0,2019-11-26 09:46:37,CL2001,NYMEX,58.09,0,6900,0.0,57.92,58.09,57.84,58.01,58.01,1.7976931348623157e+308,1.7976931348623157e+308,0.0,58.09,58.08,58.07,58.06,58.05,58.1,58.11,58.12,58.13,58.14,20,29,25,24,30,52,37,28,23,27
20191126,09:46:37.0,2019-11-26 09:46:37,CL2001,NYMEX,58.09,0,6902,0.0,57.92,58.09,57.84,58.01,58.01,1.7976931348623157e+308,1.7976931348623157e+308,0.0,58.09,58.08,58.07,58.06,58.05,58.1,58.11,58.12,58.13,58.14,15,29,25,24,30,56,36,28,23,27
20191126,09:46:38.0,2019-11-26 09:46:38,CL2001,NYMEX,58.1,0,6915,0.0,57.92,58.1,57.84,58.01,58.01,1.7976931348623157e+308,1.7976931348623157e+308,0.0,58.09,58.08,58.07,58.06,58.05,58.1,58.11,58.12,58.13,58.14,24,29,25,25,30,41,36,28,21,29
20191126,09:46:38.0,2019-11-26 09:46:38,CL2001,NYMEX,58.1,0,6982,0.0,57.92,58.11,57.84,58.01,58.01,1.7976931348623157e+308,1.7976931348623157e+308,0.0,58.1,58.09,58.08,58.07,58.06,58.11,58.12,58.13,58.14,58.15,11,29,32,28,27,27,27,19,27,30
20191126,09:46:38.0,2019-11-26 09:46:38,CL2001,NYMEX,58.1,0,7034,0.0,57.92,58.11,57.84,58.01,58.01,1.7976931348623157e+308,1.7976931348623157e+308,0.0,58.09,58.08,58.07,58.06,58.05,58.1,58.11,58.12,58.13,58.14,14,33,26,25,20,17,26,27,23,27
20191126,09:46:38.0,2019-11-26 09:46:38,CL2001,NYMEX,58.09,0,7035,0.0,57.92,58.11,57.84,58.01,58.01,1.7976931348623157e+308,1.7976931348623157e+308,0.0,58.09,58.08,58.07,58.06,58.05,58.1,58.11,58.12,58.13,58.14,12,33,26,25,20,20,26,30,23,27
20191126,09:46:39.0,2019-11-26 09:46:39,CL2001,NYMEX,58.09,0,7047,0.0,57.92,58.11,57.84,58.01,58.01,1.7976931348623157e+308,1.7976931348623157e+308,0.0,58.08,58.07,58.06,58.05,58.04,58.09,58.1,58.11,58.12,58.13,27,25,25,20,24,15,21,25,32,23
20191126,09:46:39.0,2019-11-26 09:46:39,CL2001,NYMEX,58.1,0,7056,0.0,57.92,58.11,57.84,58.01,58.01,1.7976931348623157e+308,1.7976931348623157e+308,0.0,58.09,58.08,58.07,58.06,58.05,58.1,58.11,58.12,58.13,58.14,15,33,25,25,20,16,25,30,21,29
20191126,09:46:39.0,2019-11-26 09:46:39,CL2001,NYMEX,58.1,0,7079,0.0,57.92,58.11,57.84,58.01,58.01,1.7976931348623157e+308,1.7976931348623157e+308,0.0,58.09,58.08,58.07,58.06,58.05,58.1,58.11,58.12,58.13,58.14,20,33,26,25,20,13,25,29,21,29
20191126,09:46:40.0,2019-11-26 09:46:40,CL2001,NYMEX,58.1,0,7079,0.0,57.92,58.11,57.84,58.01,58.01,1.7976931348623157e+308,1.7976931348623157e+308,0.0,58.09,58.08,58.07,58.06,58.05,58.1,58.11,58.12,58.13,58.14,20,34,26,25,20,14,25,29,21,29
20191126,09:46:41.0,2019-11-26 09:46:41,CL2001,NYMEX,58.1,0,7080,0.0,57.92,58.11,57.84,58.01,58.01,1.7976931348623157e+308,1.7976931348623157e+308,0.0,58.09,58.08,58.07,58.06,58.05,58.1,58.11,58.12,58.13,58.14,10,33,26,25,20,18,25,29,23,27
20191126,09:46:41.0,2019-11-26 09:46:41,CL2001,NYMEX,58.09,0,7092,0.0,57.92,58.11,57.84,58.01,58.01,1.7976931348623157e+308,1.7976931348623157e+308,0.0,58.09,58.08,58.07,58.06,58.05,58.1,58.11,58.12,58.13,58.14,12,32,25,25,20,15,25,32,23,25
20191126,09:46:41.0,2019-11-26 09:46:41,CL2001,NYMEX,58.08,0,7100,0.0,57.92,58.11,57.84,58.01,58.01,1.7976931348623157e+308,1.7976931348623157e+308,0.0,58.08,58.07,58.06,58.05,58.04,58.09,58.1,58.11,58.12,58.13,21,25,25,20,24,15,19,25,32,23
20191126,09:46:41.0,2019-11-26 09:46:41,CL2001,NYMEX,58.09,0,7102,0.0,57.92,58.11,57.84,58.01,58.01,1.7976931348623157e+308,1.7976931348623157e+308,0.0,58.09,58.08,58.07,58.06,58.05,58.1,58.11,58.12,58.13,58.14,16,31,25,25,20,16,24,30,23,27
20191126,09:46:42.0,2019-11-26 09:46:42,CL2001,NYMEX,58.09,0,7107,0.0,57.92,58.11,57.84,58.01,58.01,1.7976931348623157e+308,1.7976931348623157e+308,0.0,58.09,58.08,58.07,58.06,58.05,58.1,58.11,58.12,58.13,58.14,9,30,25,25,20,23,24,32,23,25
20191126,09:46:42.0,2019-11-26 09:46:42,CL2001,NYMEX,58.09,0,7115,0.0,57.92,58.11,57.84,58.01,58.01,1.7976931348623157e+308,1.7976931348623157e+308,0.0,58.09,58.08,58.07,58.06,58.05,58.1,58.11,58.12,58.13,58.14,9,30,25,25,20,21,24,32,23,25
20191126,09:46:42.0,2019-11-26 09:46:42,CL2001,NYMEX,58.09,0,7117,0.0,57.92,58.11,57.84,58.01,58.01,1.7976931348623157e+308,1.7976931348623157e+308,0.0,58.09,58.08,58.07,58.06,58.05,58.1,58.11,58.12,58.13,58.14,14,30,25,25,20,22,24,32,23,25
20191126,09:46:43.0,2019-11-26 09:46:43,CL2001,NYMEX,58.09,0,7119,0.0,57.92,58.11,57.84,58.01,58.01,1.7976931348623157e+308,1.7976931348623157e+308,0.0,58.09,58.08,58.07,58.06,58.05,58.1,58.11,58.12,58.13,58.14,8,30,25,25,20,22,25,30,23,27
20191126,09:46:43.0,2019-11-26 09:46:43,CL2001,NYMEX,58.09,0,7133,0.0,57.92,58.11,57.84,58.01,58.01,1.7976931348623157e+308,1.7976931348623157e+308,0.0,58.09,58.08,58.07,58.06,58.05,58.1,58.11,58.12,58.13,58.14,7,31,25,25,20,22,24,32,23,25
20191126,09:46:43.0,2019-11-26 09:46:43,CL2001,NYMEX,58.09,0,7142,0.0,57.92,58.11,57.84,58.01,58.01,1.7976931348623157e+308,1.7976931348623157e+308,0.0,58.09,58.08,58.07,58.06,58.05,58.1,58.11,58.12,58.13,58.14,11,34,25,25,20,23,24,32,23,25
20191126,09:46:44.0,2019-11-26 09:46:44,CL2001,NYMEX,58.09,0,7142,0.0,57.92,58.11,57.84,58.01,58.01,1.7976931348623157e+308,1.7976931348623157e+308,0.0,58.09,58.08,58.07,58.06,58.05,58.1,58.11,58.12,58.13,58.14,19,34,25,25,20,22,24,30,23,25
20191126,09:46:45.0,2019-11-26 09:46:45,CL2001,NYMEX,58.1,0,7158,0.0,57.92,58.11,57.84,58.01,58.01,1.7976931348623157e+308,1.7976931348623157e+308,0.0,58.1,58.09,58.08,58.07,58.06,58.11,58.12,58.13,58.14,58.15,12,24,34,25,27,25,29,22,27,31
20191126,09:46:45.0,2019-11-26 09:46:45,CL2001,NYMEX,58.1,0,7159,0.0,57.92,58.11,57.84,58.01,58.01,1.7976931348623157e+308,1.7976931348623157e+308,0.0,58.1,58.09,58.08,58.07,58.06,58.11,58.12,58.13,58.14,58.15,14,24,34,25,27,21,29,22,27,31
20191126,09:46:45.0,2019-11-26 09:46:45,CL2001,NYMEX,58.1,0,7160,0.0,57.92,58.11,57.84,58.01,58.01,1.7976931348623157e+308,1.7976931348623157e+308,0.0,58.1,58.09,58.08,58.07,58.06,58.11,58.12,58.13,58.14,58.15,15,24,34,25,27,31,29,22,27,31
20191126,09:46:46.0,2019-11-26 09:46:46,CL2001,NYMEX,58.1,0,7160,0.0,57.92,58.11,57.84,58.01,58.01,1.7976931348623157e+308,1.7976931348623157e+308,0.0,58.1,58.09,58.08,58.07,58.06,58.11,58.12,58.13,58.14,58.15,17,24,34,25,27,32,29,22,27,31
20191126,09:46:46.0,2019-11-26 09:46:46,CL2001,NYMEX,58.11,0,7163,0.0,57.92,58.11,57.84,58.01,58.01,1.7976931348623157e+308,1.7976931348623157e+308,0.0,58.1,58.09,58.08,58.07,58.06,58.11,58.12,58.13,58.14,58.15,22,25,34,25,27,28,29,20,27,33
20191126,09:46:47.0,2019-11-26 09:46:47,CL2001,NYMEX,58.1,0,7165,0.0,57.92,58.11,57.84,58.01,58.01,1.7976931348623157e+308,1.7976931348623157e+308,0.0,58.1,58.09,58.08,58.07,58.06,58.11,58.12,58.13,58.14,58.15,21,25,34,25,27,25,30,20,27,33
20191126,09:46:47.0,2019-11-26 09:46:47,CL2001,NYMEX,58.11,0,7166,0.0,57.92,58.11,57.84,58.01,58.01,1.7976931348623157e+308,1.7976931348623157e+308,0.0,58.1,58.09,58.08,58.07,58.06,58.11,58.12,58.13,58.14,58.15,26,28,34,26,27,23,30,20,27,33
20191126,09:46:48.0,2019-11-26 09:46:48,CL2001,NYMEX,58.11,0,7226,0.0,57.92,58.11,57.84,58.01,58.01,1.7976931348623157e+308,1.7976931348623157e+308,0.0,58.1,58.09,58.08,58.07,58.06,58.11,58.12,58.13,58.14,58.15,21,23,28,23,24,11,35,19,27,33
20191126,09:46:48.0,2019-11-26 09:46:48,CL2001,NYMEX,58.11,0,7228,0.0,57.92,58.11,57.84,58.01,58.01,1.7976931348623157e+308,1.7976931348623157e+308,0.0,58.1,58.09,58.08,58.07,58.06,58.11,58.12,58.13,58.14,58.15,19,23,29,23,24,12,33,20,27,33
20191126,09:46:48.0,2019-11-26 09:46:48,CL2001,NYMEX,58.11,0,7230,0.0,57.92,58.11,57.84,58.01,58.01,1.7976931348623157e+308,1.7976931348623157e+308,0.0,58.1,58.09,58.08,58.07,58.06,58.11,58.12,58.13,58.14,58.15,19,23,29,23,24,10,33,20,27,33
20191126,09:46:48.0,2019-11-26 09:46:48,CL2001,NYMEX,58.11,0,7242,0.0,57.92,58.12,57.84,58.01,58.01,1.7976931348623157e+308,1.7976931348623157e+308,0.0,58.11,58.1,58.09,58.08,58.07,58.12,58.13,58.14,58.15,58.16,16,25,22,29,23,25,22,29,31,41
20191126,09:46:48.0,2019-11-26 09:46:48,CL2001,NYMEX,58.1,0,7251,0.0,57.92,58.12,57.84,58.01,58.01,1.7976931348623157e+308,1.7976931348623157e+308,0.0,58.1,58.09,58.08,58.07,58.06,58.11,58.12,58.13,58.14,58.15,21,22,29,23,24,9,34,24,29,29
20191126,09:46:49.0,2019-11-26 09:46:49,CL2001,NYMEX,58.11,0,7255,0.0,57.92,58.12,57.84,58.01,58.01,1.7976931348623157e+308,1.7976931348623157e+308,0.0,58.1,58.09,58.08,58.07,58.06,58.12,58.13,58.14,58.15,58.16,25,22,29,23,24,32,22,29,29,41
20191126,09:46:49.0,2019-11-26 09:46:49,CL2001,NYMEX,58.1,0,7256,0.0,57.92,58.12,57.84,58.01,58.01,1.7976931348623157e+308,1.7976931348623157e+308,0.0,58.1,58.09,58.08,58.07,58.06,58.11,58.12,58.13,58.14,58.15,18,22,29,23,24,11,33,23,29,29
20191126,09:46:49.0,2019-11-26 09:46:49,CL2001,NYMEX,58.11,0,7257,0.0,57.92,58.12,57.84,58.01,58.01,1.7976931348623157e+308,1.7976931348623157e+308,0.0,58.1,58.09,58.08,58.07,58.06,58.11,58.12,58.13,58.14,58.15,14,22,29,23,24,18,32,24,29,29
20191126,09:46:49.0,2019-11-26 09:46:49,CL2001,NYMEX,58.11,0,7258,0.0,57.92,58.12,57.84,58.01,58.01,1.7976931348623157e+308,1.7976931348623157e+308,0.0,58.1,58.09,58.08,58.07,58.06,58.11,58.12,58.13,58.14,58.15,17,22,29,23,24,14,32,24,29,29
20191126,09:46:50.0,2019-11-26 09:46:50,CL2001,NYMEX,58.11,0,7261,0.0,57.92,58.12,57.84,58.01,58.01,1.7976931348623157e+308,1.7976931348623157e+308,0.0,58.1,58.09,58.08,58.07,58.06,58.11,58.12,58.13,58.14,58.15,18,25,29,23,24,10,32,24,29,29
20191126,09:46:50.0,2019-11-26 09:46:50,CL2001,NYMEX,58.11,0,7268,0.0,57.92,58.12,57.84,58.01,58.01,1.7976931348623157e+308,1.7976931348623157e+308,0.0,58.1,58.09,58.08,58.07,58.06,58.11,58.12,58.13,58.14,58.15,19,25,28,23,24,10,35,23,29,29
20191126,09:46:51.0,2019-11-26 09:46:51,CL2001,NYMEX,58.11,0,7268,0.0,57.92,58.12,57.84,58.01,58.01,1.7976931348623157e+308,1.7976931348623157e+308,0.0,58.1,58.09,58.08,58.07,58.06,58.11,58.12,58.13,58.14,58.15,16,27,28,23,24,19,35,23,29,29
20191126,09:46:51.0,2019-11-26 09:46:51,CL2001,NYMEX,58.11,0,7270,0.0,57.92,58.12,57.84,58.01,58.01,1.7976931348623157e+308,1.7976931348623157e+308,0.0,58.1,58.09,58.08,58.07,58.06,58.11,58.12,58.13,58.14,58.15,18,27,28,23,24,12,35,23,29,30
20191126,09:46:51.0,2019-11-26 09:46:51,CL2001,NYMEX,58.11,0,7271,0.0,57.92,58.12,57.84,58.01,58.01,1.7976931348623157e+308,1.7976931348623157e+308,0.0,58.1,58.09,58.08,58.07,58.06,58.11,58.12,58.13,58.14,58.15,15,27,28,23,24,18,35,23,29,30
20191126,09:46:52.0,2019-11-26 09:46:52,CL2001,NYMEX,58.11,0,7271,0.0,57.92,58.12,57.84,58.01,58.01,1.7976931348623157e+308,1.7976931348623157e+308,0.0,58.1,58.09,58.08,58.07,58.06,58.11,58.12,58.13,58.14,58.15,23,26,28,23,24,8,35,23,29,30
20191126,09:46:52.0,2019-11-26 09:46:52,CL2001,NYMEX,58.11,0,7281,0.0,57.92,58.12,57.84,58.01,58.01,1.7976931348623157e+308,1.7976931348623157e+308,0.0,58.1,58.09,58.08,58.07,58.06,58.11,58.12,58.13,58.14,58.15,23,26,28,23,24,11,35,24,29,32
20191126,09:46:52.0,2019-11-26 09:46:52,CL2001,NYMEX,58.11,0,7283,0.0,57.92,58.12,57.84,58.01,58.01,1.7976931348623157e+308,1.7976931348623157e+308,0.0,58.1,58.09,58.08,58.07,58.06,58.11,58.12,58.13,58.14,58.15,15,26,28,23,24,19,35,24,29,30
20191126,09:46:53.0,2019-11-26 09:46:53,CL2001,NYMEX,58.1,0,7284,0.0,57.92,58.12,57.84,58.01,58.01,1.7976931348623157e+308,1.7976931348623157e+308,0.0,58.1,58.09,58.08,58.07,58.06,58.11,58.12,58.13,58.14,58.15,14,26,27,23,24,24,35,25,29,30
20191126,09:46:53.0,2019-11-26 09:46:53,CL2001,NYMEX,58.1,0,7298,0.0,57.92,58.12,57.84,58.01,58.01,1.7976931348623157e+308,1.7976931348623157e+308,0.0,58.09,58.08,58.07,58.06,58.05,58.1,58.11,58.12,58.13,58.14,26,27,21,24,20,3,25,35,24,27
20191126,09:46:53.0,2019-11-26 09:46:53,CL2001,NYMEX,58.1,0,7299,0.0,57.92,58.12,57.84,58.01,58.01,1.7976931348623157e+308,1.7976931348623157e+308,0.0,58.09,58.08,58.07,58.06,58.05,58.1,58.11,58.12,58.13,58.14,25,27,21,24,20,11,25,37,24,25
20191126,09:46:53.0,2019-11-26 09:46:53,CL2001,NYMEX,58.1,0,7303,0.0,57.92,58.12,57.84,58.01,58.01,1.7976931348623157e+308,1.7976931348623157e+308,0.0,58.1,58.09,58.08,58.07,58.06,58.11,58.12,58.13,58.14,58.15,16,26,27,21,24,19,35,24,29,30
20191126,09:46:54.0,2019-11-26 09:46:54,CL2001,NYMEX,58.1,0,7303,0.0,57.92,58.12,57.84,58.01,58.01,1.7976931348623157e+308,1.7976931348623157e+308,0.0,58.1,58.09,58.08,58.07,58.06,58.11,58.12,58.13,58.14,58.15,17,26,27,21,24,19,35,24,29,30
20191126,09:46:54.0,2019-11-26 09:46:54,CL2001,NYMEX,58.1,0,7305,0.0,57.92,58.12,57.84,58.01,58.01,1.7976931348623157e+308,1.7976931348623157e+308,0.0,58.1,58.09,58.08,58.07,58.06,58.11,58.12,58.13,58.14,58.15,18,26,27,23,24,9,33,24,29,30
20191126,09:46:55.0,2019-11-26 09:46:55,CL2001,NYMEX,58.1,0,7306,0.0,57.92,58.12,57.84,58.01,58.01,1.7976931348623157e+308,1.7976931348623157e+308,0.0,58.1,58.09,58.08,58.07,58.06,58.11,58.12,58.13,58.14,58.15,22,26,27,21,24,12,33,24,29,30
20191126,09:46:55.0,2019-11-26 09:46:55,CL2001,NYMEX,58.1,0,7307,0.0,57.92,58.12,57.84,58.01,58.01,1.7976931348623157e+308,1.7976931348623157e+308,0.0,58.1,58.09,58.08,58.07,58.06,58.11,58.12,58.13,58.14,58.15,22,26,27,21,24,8,33,24,29,30
20191126,09:46:56.0,2019-11-26 09:46:56,CL2001,NYMEX,58.1,0,7309,0.0,57.92,58.12,57.84,58.01,58.01,1.7976931348623157e+308,1.7976931348623157e+308,0.0,58.1,58.09,58.08,58.07,58.06,58.11,58.12,58.13,58.14,58.15,21,24,28,21,24,8,33,22,27,34
20191126,09:46:56.0,2019-11-26 09:46:56,CL2001,NYMEX,58.11,0,7314,0.0,57.92,58.12,57.84,58.01,58.01,1.7976931348623157e+308,1.7976931348623157e+308,0.0,58.11,58.1,58.09,58.08,58.07,58.12,58.13,58.14,58.15,58.16,8,26,24,28,21,29,21,27,34,41
20191126,09:46:56.0,2019-11-26 09:46:56,CL2001,NYMEX,58.11,0,7315,0.0,57.92,58.12,57.84,58.01,58.01,1.7976931348623157e+308,1.7976931348623157e+308,0.0,58.1,58.09,58.08,58.07,58.06,58.11,58.12,58.13,58.14,58.15,22,24,28,21,24,10,37,21,27,34
20191126,09:46:57.0,2019-11-26 09:46:57,CL2001,NYMEX,58.11,0,7329,0.0,57.92,58.12,57.84,58.01,58.01,1.7976931348623157e+308,1.7976931348623157e+308,0.0,58.11,58.1,58.09,58.08,58.07,58.12,58.13,58.14,58.15,58.16,17,27,25,28,23,26,21,25,34,41
20191126,09:46:58.0,2019-11-26 09:46:58,CL2001,NYMEX,58.11,0,7334,0.0,57.92,58.12,57.84,58.01,58.01,1.7976931348623157e+308,1.7976931348623157e+308,0.0,58.11,58.1,58.09,58.08,58.07,58.12,58.13,58.14,58.15,58.16,15,26,24,28,23,25,21,27,34,41
20191126,09:46:58.0,2019-11-26 09:46:58,CL2001,NYMEX,58.11,0,7335,0.0,57.92,58.12,57.84,58.01,58.01,1.7976931348623157e+308,1.7976931348623157e+308,0.0,58.11,58.1,58.09,58.08,58.07,58.12,58.13,58.14,58.15,58.16,15,26,24,28,23,33,21,27,34,41
20191126,09:46:58.0,2019-11-26 09:46:58,CL2001,NYMEX,58.11,0,7347,0.0,57.92,58.12,57.84,58.01,58.01,1.7976931348623157e+308,1.7976931348623157e+308,0.0,58.1,58.09,58.08,58.07,58.06,58.11,58.12,58.13,58.14,58.15,21,24,28,21,24,8,31,21,27,34
20191126,09:46:58.0,2019-11-26 09:46:58,CL2001,NYMEX,58.11,0,7355,0.0,57.92,58.12,57.84,58.01,58.01,1.7976931348623157e+308,1.7976931348623157e+308,0.0,58.11,58.1,58.09,58.08,58.07,58.12,58.13,58.14,58.15,58.16,11,29,24,28,23,29,21,27,34,41
20191126,09:46:59.0,2019-11-26 09:46:59,CL2001,NYMEX,58.12,0,7356,0.0,57.92,58.12,57.84,58.01,58.01,1.7976931348623157e+308,1.7976931348623157e+308,0.0,58.11,58.1,58.09,58.08,58.07,58.12,58.13,58.14,58.15,58.16,16,29,24,28,23,23,21,27,34,41
20191126,09:47:00.0,2019-11-26 09:47:00,CL2001,NYMEX,58.11,0,7358,0.0,57.92,58.12,57.84,58.01,58.01,1.7976931348623157e+308,1.7976931348623157e+308,0.0,58.11,58.1,58.09,58.08,58.07,58.12,58.13,58.14,58.15,58.16,14,29,24,28,23,23,21,27,34,41
20191126,09:47:00.0,2019-11-26 09:47:00,CL2001,NYMEX,58.11,0,7359,0.0,57.92,58.12,57.84,58.01,58.01,1.7976931348623157e+308,1.7976931348623157e+308,0.0,58.11,58.1,58.09,58.08,58.07,58.12,58.13,58.14,58.15,58.16,14,28,24,28,21,27,20,27,34,41
20191126,09:47:00.0,2019-11-26 09:47:00,CL2001,NYMEX,58.1,0,7367,0.0,57.92,58.12,57.84,58.01,58.01,1.7976931348623157e+308,1.7976931348623157e+308,0.0,58.1,58.09,58.08,58.07,58.06,58.11,58.12,58.13,58.14,58.15,17,25,28,21,24,18,32,20,27,30
20191126,09:47:01.0,2019-11-26 09:47:01,CL2001,NYMEX,58.1,0,7368,0.0,57.92,58.12,57.84,58.01,58.01,1.7976931348623157e+308,1.7976931348623157e+308,0.0,58.1,58.09,58.08,58.07,58.06,58.11,58.12,58.13,58.14,58.15,18,25,27,21,24,14,32,20,27,34
20191126,09:47:01.0,2019-11-26 09:47:01,CL2001,NYMEX,58.11,0,7376,0.0,57.92,58.12,57.84,58.01,58.01,1.7976931348623157e+308,1.7976931348623157e+308,0.0,58.1,58.09,58.08,58.07,58.06,58.11,58.12,58.13,58.14,58.15,22,25,27,21,24,5,29,22,27,34
20191126,09:47:01.0,2019-11-26 09:47:01,CL2001,NYMEX,58.1,0,7377,0.0,57.92,58.12,57.84,58.01,58.01,1.7976931348623157e+308,1.7976931348623157e+308,0.0,58.1,58.09,58.08,58.07,58.06,58.11,58.12,58.13,58.14,58.15,19,25,27,21,24,8,29,22,27,34
20191126,09:47:02.0,2019-11-26 09:47:02,CL2001,NYMEX,58.1,0,7377,0.0,57.92,58.12,57.84,58.01,58.01,1.7976931348623157e+308,1.7976931348623157e+308,0.0,58.1,58.09,58.08,58.07,58.06,58.11,58.12,58.13,58.14,58.15,20,25,27,21,24,16,29,22,27,34
20191126,09:47:02.0,2019-11-26 09:47:02,CL2001,NYMEX,58.11,0,7378,0.0,57.92,58.12,57.84,58.01,58.01,1.7976931348623157e+308,1.7976931348623157e+308,0.0,58.1,58.09,58.08,58.07,58.06,58.11,58.12,58.13,58.14,58.15,16,25,27,21,24,21,29,23,27,34
20191126,09:47:02.0,2019-11-26 09:47:02,CL2001,NYMEX,58.11,0,7379,0.0,57.92,58.12,57.84,58.01,58.01,1.7976931348623157e+308,1.7976931348623157e+308,0.0,58.1,58.09,58.08,58.07,58.06,58.11,58.12,58.13,58.14,58.15,16,25,27,21,24,20,29,23,27,34
20191126,09:47:03.0,2019-11-26 09:47:03,CL2001,NYMEX,58.11,0,7401,0.0,57.92,58.12,57.84,58.01,58.01,1.7976931348623157e+308,1.7976931348623157e+308,0.0,58.1,58.09,58.08,58.07,58.06,58.11,58.12,58.13,58.14,58.15,26,25,27,21,24,7,35,23,27,34
20191126,09:47:04.0,2019-11-26 09:47:04,CL2001,NYMEX,58.1,0,7402,0.0,57.92,58.12,57.84,58.01,58.01,1.7976931348623157e+308,1.7976931348623157e+308,0.0,58.1,58.09,58.08,58.07,58.06,58.11,58.12,58.13,58.14,58.15,16,25,26,21,24,20,36,23,27,34
20191126,09:47:04.0,2019-11-26 09:47:04,CL2001,NYMEX,58.1,0,7416,0.0,57.92,58.12,57.84,58.01,58.01,1.7976931348623157e+308,1.7976931348623157e+308,0.0,58.09,58.08,58.07,58.06,58.05,58.1,58.11,58.12,58.13,58.14,19,18,16,26,13,2,20,25,23,25
20191126,09:47:05.0,2019-11-26 09:47:05,CL2001,NYMEX,58.1,0,7416,0.0,57.92,58.12,57.84,58.01,58.01,1.7976931348623157e+308,1.7976931348623157e+308,0.0,58.09,58.08,58.07,58.06,58.05,58.1,58.11,58.12,58.13,58.14,16,19,15,25,12,11,18,25,24,25
20191126,09:47:06.0,2019-11-26 09:47:06,CL2001,NYMEX,58.1,0,7416,0.0,57.92,58.12,57.84,58.01,58.01,1.7976931348623157e+308,1.7976931348623157e+308,0.0,58.09,58.08,58.07,58.06,58.05,58.1,58.11,58.12,58.13,58.14,13,19,15,25,12,12,21,25,24,25
20191126,09:47:07.0,2019-11-26 09:47:07,CL2001,NYMEX,58.1,0,7416,0.0,57.92,58.12,57.84,58.01,58.01,1.7976931348623157e+308,1.7976931348623157e+308,0.0,58.09,58.08,58.07,58.06,58.05,58.1,58.11,58.12,58.13,58.14,15,19,15,25,12,12,21,25,22,25
20191126,09:47:07.0,2019-11-26 09:47:07,CL2001,NYMEX,58.1,0,7417,0.0,57.92,58.12,57.84,58.01,58.01,1.7976931348623157e+308,1.7976931348623157e+308,0.0,58.09,58.08,58.07,58.06,58.05,58.1,58.11,58.12,58.13,58.14,10,19,15,25,12,14,21,25,22,25
20191126,09:47:08.0,2019-11-26 09:47:08,CL2001,NYMEX,58.1,0,7417,0.0,57.92,58.12,57.84,58.01,58.01,1.7976931348623157e+308,1.7976931348623157e+308,0.0,58.09,58.08,58.07,58.06,58.05,58.1,58.11,58.12,58.13,58.14,13,19,15,25,12,13,17,29,22,25
20191126,09:47:09.0,2019-11-26 09:47:09,CL2001,NYMEX,58.1,0,7420,0.0,57.92,58.12,57.84,58.01,58.01,1.7976931348623157e+308,1.7976931348623157e+308,0.0,58.09,58.08,58.07,58.06,58.05,58.1,58.11,58.12,58.13,58.14,14,19,15,26,14,11,19,29,22,26
20191126,09:47:09.0,2019-11-26 09:47:09,CL2001,NYMEX,58.1,0,7421,0.0,57.92,58.12,57.84,58.01,58.01,1.7976931348623157e+308,1.7976931348623157e+308,0.0,58.09,58.08,58.07,58.06,58.05,58.1,58.11,58.12,58.13,58.14,14,19,15,26,16,11,19,29,25,28
20191126,09:47:10.0,2019-11-26 09:47:10,CL2001,NYMEX,58.1,0,7421,0.0,57.92,58.12,57.84,58.01,58.01,1.7976931348623157e+308,1.7976931348623157e+308,0.0,58.09,58.08,58.07,58.06,58.05,58.1,58.11,58.12,58.13,58.14,16,19,15,26,16,9,20,29,25,28
20191126,09:47:10.0,2019-11-26 09:47:10,CL2001,NYMEX,58.1,0,7425,0.0,57.92,58.12,57.84,58.01,58.01,1.7976931348623157e+308,1.7976931348623157e+308,0.0,58.1,58.09,58.08,58.07,58.06,58.11,58.12,58.13,58.14,58.15,14,18,19,16,28,18,24,27,26,34
20191126,09:47:10.0,2019-11-26 09:47:10,CL2001,NYMEX,58.1,0,7426,0.0,57.92,58.12,57.84,58.01,58.01,1.7976931348623157e+308,1.7976931348623157e+308,0.0,58.1,58.09,58.08,58.07,58.06,58.11,58.12,58.13,58.14,58.15,14,18,19,16,28,18,24,27,26,34
20191126,09:47:11.0,2019-11-26 09:47:11,CL2001,NYMEX,58.1,0,7426,0.0,57.92,58.12,57.84,58.01,58.01,1.7976931348623157e+308,1.7976931348623157e+308,0.0,58.1,58.09,58.08,58.07,58.06,58.11,58.12,58.13,58.14,58.15,16,19,19,16,28,18,24,27,26,35
20191126,09:47:11.0,2019-11-26 09:47:11,CL2001,NYMEX,58.11,0,7449,0.0,57.92,58.12,57.84,58.01,58.01,1.7976931348623157e+308,1.7976931348623157e+308,0.0,58.11,58.1,58.09,58.08,58.07,58.12,58.13,58.14,58.15,58.16,11,19,19,19,18,24,26,26,33,40
20191126,09:47:11.0,2019-11-26 09:47:11,CL2001,NYMEX,58.11,0,7453,0.0,57.92,58.12,57.84,58.01,58.01,1.7976931348623157e+308,1.7976931348623157e+308,0.0,58.11,58.1,58.09,58.08,58.07,58.12,58.13,58.14,58.15,58.16,6,19,18,19,16,24,26,26,33,40
20191126,09:47:11.0,2019-11-26 09:47:11,CL2001,NYMEX,58.11,0,7454,0.0,57.92,58.12,57.84,58.01,58.01,1.7976931348623157e+308,1.7976931348623157e+308,0.0,58.11,58.1,58.09,58.08,58.07,58.12,58.13,58.14,58.15,58.16,12,19,18,19,18,22,26,26,33,40
20191126,09:47:12.0,2019-11-26 09:47:12,CL2001,NYMEX,58.11,0,7454,0.0,57.92,58.12,57.84,58.01,58.01,1.7976931348623157e+308,1.7976931348623157e+308,0.0,58.11,58.1,58.09,58.08,58.07,58.12,58.13,58.14,58.15,58.16,13,21,18,19,18,23,26,25,33,40
20191126,09:47:13.0,2019-11-26 09:47:13,CL2001,NYMEX,58.11,0,7454,0.0,57.92,58.12,57.84,58.01,58.01,1.7976931348623157e+308,1.7976931348623157e+308,0.0,58.11,58.1,58.09,58.08,58.07,58.12,58.13,58.14,58.15,58.16,11,21,18,19,18,24,26,25,33,40
20191126,09:47:14.0,2019-11-26 09:47:14,CL2001,NYMEX,58.11,0,7454,0.0,57.92,58.12,57.84,58.01,58.01,1.7976931348623157e+308,1.7976931348623157e+308,0.0,58.11,58.1,58.09,58.08,58.07,58.12,58.13,58.14,58.15,58.16,6,22,18,19,16,26,26,25,33,40
20191126,09:47:14.0,2019-11-26 09:47:14,CL2001,NYMEX,58.11,0,7457,0.0,57.92,58.12,57.84,58.01,58.01,1.7976931348623157e+308,1.7976931348623157e+308,0.0,58.11,58.1,58.09,58.08,58.07,58.12,58.13,58.14,58.15,58.16,2,22,18,19,16,29,26,25,33,40
20191126,09:47:14.0,2019-11-26 09:47:14,CL2001,NYMEX,58.11,0,7461,0.0,57.92,58.12,57.84,58.01,58.01,1.7976931348623157e+308,1.7976931348623157e+308,0.0,58.1,58.09,58.08,58.07,58.06,58.11,58.12,58.13,58.14,58.15,21,19,19,16,28,5,30,26,25,33
20191126,09:47:14.0,2019-11-26 09:47:14,CL2001,NYMEX,58.11,0,7462,0.0,57.92,58.12,57.84,58.01,58.01,1.7976931348623157e+308,1.7976931348623157e+308,0.0,58.11,58.1,58.09,58.08,58.07,58.12,58.13,58.14,58.15,58.16,12,24,19,19,16,31,26,25,33,40
20191126,09:47:15.0,2019-11-26 09:47:15,CL2001,NYMEX,58.11,0,7462,0.0,57.92,58.12,57.84,58.01,58.01,1.7976931348623157e+308,1.7976931348623157e+308,0.0,58.11,58.1,58.09,58.08,58.07,58.12,58.13,58.14,58.15,58.16,8,24,19,19,16,33,25,25,33,40
20191126,09:47:15.0,2019-11-26 09:47:15,CL2001,NYMEX,58.11,0,7472,0.0,57.92,58.12,57.84,58.01,58.01,1.7976931348623157e+308,1.7976931348623157e+308,0.0,58.1,58.09,58.08,58.07,58.06,58.11,58.12,58.13,58.14,58.15,21,19,19,16,28,5,36,25,25,35
20191126,09:47:16.0,2019-11-26 09:47:16,CL2001,NYMEX,58.11,0,7472,0.0,57.92,58.12,57.84,58.01,58.01,1.7976931348623157e+308,1.7976931348623157e+308,0.0,58.1,58.09,58.08,58.07,58.06,58.11,58.12,58.13,58.14,58.15,20,19,19,16,28,12,36,25,25,35
20191126,09:47:16.0,2019-11-26 09:47:16,CL2001,NYMEX,58.11,0,7478,0.0,57.92,58.12,57.84,58.01,58.01,1.7976931348623157e+308,1.7976931348623157e+308,0.0,58.1,58.09,58.08,58.07,58.06,58.11,58.12,58.13,58.14,58.15,21,19,19,16,28,5,42,21,25,35
20191126,09:47:16.0,2019-11-26 09:47:16,CL2001,NYMEX,58.11,0,7479,0.0,57.92,58.12,57.84,58.01,58.01,1.7976931348623157e+308,1.7976931348623157e+308,0.0,58.1,58.09,58.08,58.07,58.06,58.11,58.12,58.13,58.14,58.15,22,19,19,16,28,3,42,21,25,35
20191126,09:47:16.0,2019-11-26 09:47:16,CL2001,NYMEX,58.11,0,7485,0.0,57.92,58.12,57.84,58.01,58.01,1.7976931348623157e+308,1.7976931348623157e+308,0.0,58.1,58.09,58.08,58.07,58.06,58.11,58.12,58.13,58.14,58.15,22,19,19,16,28,1,37,25,25,35
20191126,09:47:17.0,2019-11-26 09:47:17,CL2001,NYMEX,58.11,0,7485,0.0,57.92,58.12,57.84,58.01,58.01,1.7976931348623157e+308,1.7976931348623157e+308,0.0,58.1,58.09,58.08,58.07,58.06,58.11,58.12,58.13,58.14,58.15,21,19,19,16,28,9,37,25,25,35
20191126,09:47:17.0,2019-11-26 09:47:17,CL2001,NYMEX,58.1,0,7498,0.0,57.92,58.12,57.84,58.01,58.01,1.7976931348623157e+308,1.7976931348623157e+308,0.0,58.09,58.08,58.07,58.06,58.05,58.1,58.11,58.12,58.13,58.14,18,19,16,26,17,11,17,37,28,25
20191126,09:47:18.0,2019-11-26 09:47:18,CL2001,NYMEX,58.1,0,7512,0.0,57.92,58.12,57.84,58.01,58.01,1.7976931348623157e+308,1.7976931348623157e+308,0.0,58.09,58.08,58.07,58.06,58.05,58.1,58.11,58.12,58.13,58.14,22,19,16,26,17,5,19,39,24,25
20191126,09:47:19.0,2019-11-26 09:47:19,CL2001,NYMEX,58.1,0,7512,0.0,57.92,58.12,57.84,58.01,58.01,1.7976931348623157e+308,1.7976931348623157e+308,0.0,58.09,58.08,58.07,58.06,58.05,58.1,58.11,58.12,58.13,58.14,18,19,16,26,17,8,19,39,24,25
20191126,09:47:20.0,2019-11-26 09:47:20,CL2001,NYMEX,58.1,0,7512,0.0,57.92,58.12,57.84,58.01,58.01,1.7976931348623157e+308,1.7976931348623157e+308,0.0,58.09,58.08,58.07,58.06,58.05,58.1,58.11,58.12,58.13,58.14,18,19,16,26,17,7,21,39,24,25
20191126,09:47:21.0,2019-11-26 09:47:21,CL2001,NYMEX,58.1,0,7512,0.0,57.92,58.12,57.84,58.01,58.01,1.7976931348623157e+308,1.7976931348623157e+308,0.0,58.09,58.08,58.07,58.06,58.05,58.1,58.11,58.12,58.13,58.14,14,19,16,26,17,16,21,39,24,25
20191126,09:47:21.0,2019-11-26 09:47:21,CL2001,NYMEX,58.09,0,7513,0.0,57.92,58.12,57.84,58.01,58.01,1.7976931348623157e+308,1.7976931348623157e+308,0.0,58.09,58.08,58.07,58.06,58.05,58.1,58.11,58.12,58.13,58.14,15,19,16,26,17,15,21,39,24,25
20191126,09:47:21.0,2019-11-26 09:47:21,CL2001,NYMEX,58.1,0,7514,0.0,57.92,58.12,57.84,58.01,58.01,1.7976931348623157e+308,1.7976931348623157e+308,0.0,58.09,58.08,58.07,58.06,58.05,58.1,58.11,58.12,58.13,58.14,15,19,16,26,17,14,21,39,24,25
20191126,09:47:22.0,2019-11-26 09:47:22,CL2001,NYMEX,58.1,0,7514,0.0,57.92,58.12,57.84,58.01,58.01,1.7976931348623157e+308,1.7976931348623157e+308,0.0,58.09,58.08,58.07,58.06,58.05,58.1,58.11,58.12,58.13,58.14,16,19,16,26,17,15,21,39,24,25
20191126,09:47:22.0,2019-11-26 09:47:22,CL2001,NYMEX,58.09,0,7523,0.0,57.92,58.12,57.84,58.01,58.01,1.7976931348623157e+308,1.7976931348623157e+308,0.0,58.09,58.08,58.07,58.06,58.05,58.1,58.11,58.12,58.13,58.14,6,23,15,26,17,18,19,42,25,25
20191126,09:47:23.0,2019-11-26 09:47:23,CL2001,NYMEX,58.09,0,7535,0.0,57.92,58.12,57.84,58.01,58.01,1.7976931348623157e+308,1.7976931348623157e+308,0.0,58.09,58.08,58.07,58.06,58.05,58.1,58.11,58.12,58.13,58.14,8,23,15,26,17,17,19,42,25,25
20191126,09:47:23.0,2019-11-26 09:47:23,CL2001,NYMEX,58.09,0,7543,0.0,57.92,58.12,57.84,58.01,58.01,1.7976931348623157e+308,1.7976931348623157e+308,0.0,58.08,58.07,58.06,58.05,58.04,58.09,58.1,58.11,58.12,58.13,22,15,26,15,18,12,22,19,42,27
20191126,09:47:23.0,2019-11-26 09:47:23,CL2001,NYMEX,58.09,0,7552,0.0,57.92,58.12,57.84,58.01,58.01,1.7976931348623157e+308,1.7976931348623157e+308,0.0,58.09,58.08,58.07,58.06,58.05,58.1,58.11,58.12,58.13,58.14,9,23,15,26,17,19,19,42,25,25
20191126,09:47:23.0,2019-11-26 09:47:23,CL2001,NYMEX,58.09,0,7554,0.0,57.92,58.12,57.84,58.01,58.01,1.7976931348623157e+308,1.7976931348623157e+308,0.0,58.09,58.08,58.07,58.06,58.05,58.1,58.11,58.12,58.13,58.14,14,23,15,28,17,15,20,40,25,27
20191126,09:47:24.0,2019-11-26 09:47:24,CL2001,NYMEX,58.1,0,7555,0.0,57.92,58.12,57.84,58.01,58.01,1.7976931348623157e+308,1.7976931348623157e+308,0.0,58.09,58.08,58.07,58.06,58.05,58.1,58.11,58.12,58.13,58.14,18,23,16,26,17,11,20,40,25,27
20191126,09:47:24.0,2019-11-26 09:47:24,CL2001,NYMEX,58.09,0,7556,0.0,57.92,58.12,57.84,58.01,58.01,1.7976931348623157e+308,1.7976931348623157e+308,0.0,58.09,58.08,58.07,58.06,58.05,58.1,58.11,58.12,58.13,58.14,17,23,16,26,17,10,20,40,25,27
20191126,09:47:25.0,2019-11-26 09:47:25,CL2001,NYMEX,58.09,0,7556,0.0,57.92,58.12,57.84,58.01,58.01,1.7976931348623157e+308,1.7976931348623157e+308,0.0,58.09,58.08,58.07,58.06,58.05,58.1,58.11,58.12,58.13,58.14,14,20,16,26,15,5,17,37,23,25
20191126,09:47:25.0,2019-11-26 09:47:25,CL2001,NYMEX,58.09,0,7557,0.0,57.92,58.12,57.84,58.01,58.01,1.7976931348623157e+308,1.7976931348623157e+308,0.0,58.09,58.08,58.07,58.06,58.05,58.1,58.11,58.12,58.13,58.14,8,21,15,25,14,14,18,36,22,24
20191126,09:47:26.0,2019-11-26 09:47:26,CL2001,NYMEX,58.09,0,7557,0.0,57.92,58.12,57.84,58.01,58.01,1.7976931348623157e+308,1.7976931348623157e+308,0.0,58.09,58.08,58.07,58.06,58.05,58.1,58.11,58.12,58.13,58.14,3,21,15,25,14,15,20,36,22,24
20191126,09:47:26.0,2019-11-26 09:47:26,CL2001,NYMEX,58.09,0,7558,0.0,57.92,58.12,57.84,58.01,58.01,1.7976931348623157e+308,1.7976931348623157e+308,0.0,58.09,58.08,58.07,58.06,58.05,58.1,58.11,58.12,58.13,58.14,1,21,15,25,14,16,20,36,22,24
20191126,09:47:26.0,2019-11-26 09:47:26,CL2001,NYMEX,58.09,0,7559,0.0,57.92,58.12,57.84,58.01,58.01,1.7976931348623157e+308,1.7976931348623157e+308,0.0,58.09,58.08,58.07,58.06,58.05,58.1,58.11,58.12,58.13,58.14,6,21,15,26,14,15,20,36,22,24
20191126,09:47:27.0,2019-11-26 09:47:27,CL2001,NYMEX,58.09,0,7559,0.0,57.92,58.12,57.84,58.01,58.01,1.7976931348623157e+308,1.7976931348623157e+308,0.0,58.09,58.08,58.07,58.06,58.05,58.1,58.11,58.12,58.13,58.14,5,21,15,26,14,16,20,36,22,24
20191126,09:47:27.0,2019-11-26 09:47:27,CL2001,NYMEX,58.09,0,7562,0.0,57.92,58.12,57.84,58.01,58.01,1.7976931348623157e+308,1.7976931348623157e+308,0.0,58.09,58.08,58.07,58.06,58.05,58.1,58.11,58.12,58.13,58.14,1,22,15,26,14,14,20,36,22,24
20191126,09:47:28.0,2019-11-26 09:47:28,CL2001,NYMEX,58.09,0,7563,0.0,57.92,58.12,57.84,58.01,58.01,1.7976931348623157e+308,1.7976931348623157e+308,0.0,58.08,58.07,58.06,58.05,58.04,58.1,58.11,58.12,58.13,58.14,22,15,26,14,16,15,19,36,24,22
20191126,09:47:29.0,2019-11-26 09:47:29,CL2001,NYMEX,58.09,0,7563,0.0,57.92,58.12,57.84,58.01,58.01,1.7976931348623157e+308,1.7976931348623157e+308,0.0,58.08,58.07,58.06,58.05,58.04,58.09,58.1,58.11,58.12,58.13,18,15,26,14,16,14,15,19,36,24
20191126,09:47:29.0,2019-11-26 09:47:29,CL2001,NYMEX,58.09,0,7564,0.0,57.92,58.12,57.84,58.01,58.01,1.7976931348623157e+308,1.7976931348623157e+308,0.0,58.08,58.07,58.06,58.05,58.04,58.09,58.1,58.11,58.12,58.13,17,15,26,14,17,13,15,19,39,23
20191126,09:47:30.0,2019-11-26 09:47:30,CL2001,NYMEX,58.09,0,7564,0.0,57.92,58.12,57.84,58.01,58.01,1.7976931348623157e+308,1.7976931348623157e+308,0.0,58.08,58.07,58.06,58.05,58.04,58.09,58.1,58.11,58.12,58.13,18,15,26,14,17,13,15,19,39,23
20191126,09:47:30.0,2019-11-26 09:47:30,CL2001,NYMEX,58.08,0,7565,0.0,57.92,58.12,57.84,58.01,58.01,1.7976931348623157e+308,1.7976931348623157e+308,0.0,58.08,58.07,58.06,58.05,58.04,58.09,58.1,58.11,58.12,58.13,18,15,26,14,19,13,16,19,41,25
20191126,09:47:31.0,2019-11-26 09:47:31,CL2001,NYMEX,58.08,0,7565,0.0,57.92,58.12,57.84,58.01,58.01,1.7976931348623157e+308,1.7976931348623157e+308,0.0,58.08,58.07,58.06,58.05,58.04,58.09,58.1,58.11,58.12,58.13,17,15,26,14,19,13,16,19,41,25
20191126,09:47:31.0,2019-11-26 09:47:31,CL2001,NYMEX,58.08,0,7566,0.0,57.92,58.12,57.84,58.01,58.01,1.7976931348623157e+308,1.7976931348623157e+308,0.0,58.08,58.07,58.06,58.05,58.04,58.09,58.1,58.11,58.12,58.13,18,15,26,14,19,13,16,19,41,25
20191126,09:47:32.0,2019-11-26 09:47:32,CL2001,NYMEX,58.09,0,7570,0.0,57.92,58.12,57.84,58.01,58.01,1.7976931348623157e+308,1.7976931348623157e+308,0.0,58.08,58.07,58.06,58.05,58.04,58.09,58.1,58.11,58.12,58.13,15,15,27,15,19,12,16,19,41,25
20191126,09:47:32.0,2019-11-26 09:47:32,CL2001,NYMEX,58.08,0,7571,0.0,57.92,58.12,57.84,58.01,58.01,1.7976931348623157e+308,1.7976931348623157e+308,0.0,58.08,58.07,58.06,58.05,58.04,58.09,58.1,58.11,58.12,58.13,16,15,27,15,19,12,16,19,41,25
20191126,09:47:33.0,2019-11-26 09:47:33,CL2001,NYMEX,58.08,0,7573,0.0,57.92,58.12,57.84,58.01,58.01,1.7976931348623157e+308,1.7976931348623157e+308,0.0,58.08,58.07,58.06,58.05,58.04,58.09,58.1,58.11,58.12,58.13,14,15,27,15,19,12,16,21,41,23
20191126,09:47:34.0,2019-11-26 09:47:34,CL2001,NYMEX,58.08,0,7573,0.0,57.92,58.12,57.84,58.01,58.01,1.7976931348623157e+308,1.7976931348623157e+308,0.0,58.08,58.07,58.06,58.05,58.04,58.09,58.1,58.11,58.12,58.13,14,15,27,15,19,12,16,21,41,23
20191126,09:47:35.0,2019-11-26 09:47:35,CL2001,NYMEX,58.08,0,7573,0.0,57.92,58.12,57.84,58.01,58.01,1.7976931348623157e+308,1.7976931348623157e+308,0.0,58.08,58.07,58.06,58.05,58.04,58.09,58.1,58.11,58.12,58.13,14,15,27,15,19,15,16,19,39,27
20191126,09:47:36.0,2019-11-26 09:47:36,CL2001,NYMEX,58.09,0,7575,0.0,57.92,58.12,57.84,58.01,58.01,1.7976931348623157e+308,1.7976931348623157e+308,0.0,58.08,58.07,58.06,58.05,58.04,58.09,58.1,58.11,58.12,58.13,22,14,27,15,19,5,17,19,39,26
20191126,09:47:36.0,2019-11-26 09:47:36,CL2001,NYMEX,58.09,0,7576,0.0,57.92,58.12,57.84,58.01,58.01,1.7976931348623157e+308,1.7976931348623157e+308,0.0,58.08,58.07,58.06,58.05,58.04,58.09,58.1,58.11,58.12,58.13,19,16,27,15,19,5,17,19,39,26
20191126,09:47:37.0,2019-11-26 09:47:37,CL2001,NYMEX,58.09,0,7576,0.0,57.92,58.12,57.84,58.01,58.01,1.7976931348623157e+308,1.7976931348623157e+308,0.0,58.08,58.07,58.06,58.05,58.04,58.09,58.1,58.11,58.12,58.13,19,16,27,15,19,6,20,19,39,26
20191126,09:47:37.0,2019-11-26 09:47:37,CL2001,NYMEX,58.09,0,7582,0.0,57.92,58.12,57.84,58.01,58.01,1.7976931348623157e+308,1.7976931348623157e+308,0.0,58.08,58.07,58.06,58.05,58.04,58.09,58.1,58.11,58.12,58.13,23,16,27,15,19,4,27,19,35,26
20191126,09:47:38.0,2019-11-26 09:47:38,CL2001,NYMEX,58.09,0,7582,0.0,57.92,58.12,57.84,58.01,58.01,1.7976931348623157e+308,1.7976931348623157e+308,0.0,58.08,58.07,58.06,58.05,58.04,58.09,58.1,58.11,58.12,58.13,19,17,27,15,19,11,27,19,35,26
20191126,09:47:39.0,2019-11-26 09:47:39,CL2001,NYMEX,58.09,0,7584,0.0,57.92,58.12,57.84,58.01,58.01,1.7976931348623157e+308,1.7976931348623157e+308,0.0,58.08,58.07,58.06,58.05,58.04,58.09,58.1,58.11,58.12,58.13,21,17,28,15,19,9,27,19,35,26
20191126,09:47:39.0,2019-11-26 09:47:39,CL2001,NYMEX,58.08,0,7586,0.0,57.92,58.12,57.84,58.01,58.01,1.7976931348623157e+308,1.7976931348623157e+308,0.0,58.08,58.07,58.06,58.05,58.04,58.09,58.1,58.11,58.12,58.13,21,17,28,15,19,9,27,19,35,26
20191126,09:47:39.0,2019-11-26 09:47:39,CL2001,NYMEX,58.09,0,7592,0.0,57.92,58.12,57.84,58.01,58.01,1.7976931348623157e+308,1.7976931348623157e+308,0.0,58.08,58.07,58.06,58.05,58.04,58.09,58.1,58.11,58.12,58.13,21,17,28,15,19,13,33,19,35,26
20191126,09:47:40.0,2019-11-26 09:47:40,CL2001,NYMEX,58.09,0,7592,0.0,57.92,58.12,57.84,58.01,58.01,1.7976931348623157e+308,1.7976931348623157e+308,0.0,58.08,58.07,58.06,58.05,58.04,58.09,58.1,58.11,58.12,58.13,25,17,28,16,19,10,33,19,35,26
20191126,09:47:40.0,2019-11-26 09:47:40,CL2001,NYMEX,58.08,0,7594,0.0,57.92,58.12,57.84,58.01,58.01,1.7976931348623157e+308,1.7976931348623157e+308,0.0,58.08,58.07,58.06,58.05,58.04,58.09,58.1,58.11,58.12,58.13,20,17,28,16,19,13,33,19,35,26
20191126,09:47:41.0,2019-11-26 09:47:41,CL2001,NYMEX,58.08,0,7594,0.0,57.92,58.12,57.84,58.01,58.01,1.7976931348623157e+308,1.7976931348623157e+308,0.0,58.08,58.07,58.06,58.05,58.04,58.09,58.1,58.11,58.12,58.13,19,17,28,16,19,13,33,19,35,26
20191126,09:47:42.0,2019-11-26 09:47:42,CL2001,NYMEX,58.09,0,7595,0.0,57.92,58.12,57.84,58.01,58.01,1.7976931348623157e+308,1.7976931348623157e+308,0.0,58.08,58.07,58.06,58.05,58.04,58.09,58.1,58.11,58.12,58.13,20,17,28,16,19,13,33,18,35,26
20191126,09:47:43.0,2019-11-26 09:47:43,CL2001,NYMEX,58.09,0,7595,0.0,57.92,58.12,57.84,58.01,58.01,1.7976931348623157e+308,1.7976931348623157e+308,0.0,58.08,58.07,58.06,58.05,58.04,58.09,58.1,58.11,58.12,58.13,24,17,28,16,19,6,31,19,35,26
20191126,09:47:43.0,2019-11-26 09:47:43,CL2001,NYMEX,58.09,0,7600,0.0,57.92,58.12,57.84,58.01,58.01,1.7976931348623157e+308,1.7976931348623157e+308,0.0,58.09,58.08,58.07,58.06,58.05,58.1,58.11,58.12,58.13,58.14,5,24,17,28,18,23,23,35,24,23
20191126,09:47:44.0,2019-11-26 09:47:44,CL2001,NYMEX,58.09,0,7602,0.0,57.92,58.12,57.84,58.01,58.01,1.7976931348623157e+308,1.7976931348623157e+308,0.0,58.08,58.07,58.06,58.05,58.04,58.09,58.1,58.11,58.12,58.13,23,17,28,16,19,13,30,23,35,26
20191126,09:47:45.0,2019-11-26 09:47:45,CL2001,NYMEX,58.08,0,7603,0.0,57.92,58.12,57.84,58.01,58.01,1.7976931348623157e+308,1.7976931348623157e+308,0.0,58.08,58.07,58.06,58.05,58.04,58.09,58.1,58.11,58.12,58.13,10,17,28,15,19,22,30,25,35,24
20191126,09:47:46.0,2019-11-26 09:47:46,CL2001,NYMEX,58.06,0,7725,0.0,57.92,58.12,57.84,58.01,58.01,1.7976931348623157e+308,1.7976931348623157e+308,0.0,58.06,58.05,58.04,58.03,58.02,58.07,58.08,58.09,58.1,58.11,15,16,21,19,15,14,29,30,32,25
20191126,09:47:47.0,2019-11-26 09:47:47,CL2001,NYMEX,58.06,0,7725,0.0,57.92,58.12,57.84,58.01,58.01,1.7976931348623157e+308,1.7976931348623157e+308,0.0,58.06,58.05,58.04,58.03,58.02,58.07,58.08,58.09,58.1,58.11,12,16,21,19,15,15,30,30,32,25
20191126,09:47:47.0,2019-11-26 09:47:47,CL2001,NYMEX,58.07,0,7734,0.0,57.92,58.12,57.84,58.01,58.01,1.7976931348623157e+308,1.7976931348623157e+308,0.0,58.07,58.06,58.05,58.04,58.03,58.08,58.09,58.1,58.11,58.12,4,21,16,24,18,28,29,30,25,33
20191126,09:47:47.0,2019-11-26 09:47:47,CL2001,NYMEX,58.08,0,7747,0.0,57.92,58.12,57.84,58.01,58.01,1.7976931348623157e+308,1.7976931348623157e+308,0.0,58.07,58.06,58.05,58.04,58.03,58.08,58.09,58.1,58.11,58.12,14,23,17,24,16,19,25,33,23,37
20191126,09:47:48.0,2019-11-26 09:47:48,CL2001,NYMEX,58.07,0,7748,0.0,57.92,58.12,57.84,58.01,58.01,1.7976931348623157e+308,1.7976931348623157e+308,0.0,58.07,58.06,58.05,58.04,58.03,58.08,58.09,58.1,58.11,58.12,13,23,17,24,18,19,25,33,23,35
20191126,09:47:48.0,2019-11-26 09:47:48,CL2001,NYMEX,58.08,0,7767,0.0,57.92,58.12,57.84,58.01,58.01,1.7976931348623157e+308,1.7976931348623157e+308,0.0,58.08,58.07,58.06,58.05,58.04,58.09,58.1,58.11,58.12,58.13,8,24,24,19,24,24,30,23,33,23
20191126,09:47:49.0,2019-11-26 09:47:49,CL2001,NYMEX,58.08,0,7767,0.0,57.92,58.12,57.84,58.01,58.01,1.7976931348623157e+308,1.7976931348623157e+308,0.0,58.08,58.07,58.06,58.05,58.04,58.09,58.1,58.11,58.12,58.13,8,24,24,19,24,25,30,23,35,23
20191126,09:47:49.0,2019-11-26 09:47:49,CL2001,NYMEX,58.08,0,7772,0.0,57.92,58.12,57.84,58.01,58.01,1.7976931348623157e+308,1.7976931348623157e+308,0.0,58.07,58.06,58.05,58.04,58.03,58.08,58.09,58.1,58.11,58.12,12,24,17,24,16,18,25,32,23,37
20191126,09:47:50.0,2019-11-26 09:47:50,CL2001,NYMEX,58.08,0,7772,0.0,57.92,58.12,57.84,58.01,58.01,1.7976931348623157e+308,1.7976931348623157e+308,0.0,58.07,58.06,58.05,58.04,58.03,58.08,58.09,58.1,58.11,58.12,9,25,17,24,18,17,25,32,23,35
20191126,09:47:50.0,2019-11-26 09:47:50,CL2001,NYMEX,58.07,0,7773,0.0,57.92,58.12,57.84,58.01,58.01,1.7976931348623157e+308,1.7976931348623157e+308,0.0,58.07,58.06,58.05,58.04,58.03,58.08,58.09,58.1,58.11,58.12,21,24,17,24,18,6,25,30,21,37
20191126,09:47:50.0,2019-11-26 09:47:50,CL2001,NYMEX,58.09,0,7793,0.0,57.92,58.12,57.84,58.01,58.01,1.7976931348623157e+308,1.7976931348623157e+308,0.0,58.08,58.07,58.06,58.05,58.04,58.09,58.1,58.11,58.12,58.13,14,26,24,17,24,14,28,21,35,25
20191126,09:47:51.0,2019-11-26 09:47:51,CL2001,NYMEX,58.09,0,7793,0.0,57.92,58.12,57.84,58.01,58.01,1.7976931348623157e+308,1.7976931348623157e+308,0.0,58.08,58.07,58.06,58.05,58.04,58.09,58.1,58.11,58.12,58.13,13,26,24,18,24,16,28,21,35,25
20191126,09:47:52.0,2019-11-26 09:47:52,CL2001,NYMEX,58.09,0,7793,0.0,57.92,58.12,57.84,58.01,58.01,1.7976931348623157e+308,1.7976931348623157e+308,0.0,58.07,58.06,58.05,58.04,58.03,58.08,58.09,58.1,58.11,58.12,12,24,19,22,18,15,20,28,23,37
20191126,09:47:52.0,2019-11-26 09:47:52,CL2001,NYMEX,58.08,0,7795,0.0,57.92,58.12,57.84,58.01,58.01,1.7976931348623157e+308,1.7976931348623157e+308,0.0,58.08,58.07,58.06,58.05,58.04,58.09,58.1,58.11,58.12,58.13,5,22,24,19,24,19,28,21,35,25
20191126,09:47:53.0,2019-11-26 09:47:53,CL2001,NYMEX,58.08,0,7798,0.0,57.92,58.12,57.84,58.01,58.01,1.7976931348623157e+308,1.7976931348623157e+308,0.0,58.07,58.06,58.05,58.04,58.03,58.08,58.09,58.1,58.11,58.12,20,24,19,24,18,7,19,28,23,37
20191126,09:47:54.0,2019-11-26 09:47:54,CL2001,NYMEX,58.08,0,7798,0.0,57.92,58.12,57.84,58.01,58.01,1.7976931348623157e+308,1.7976931348623157e+308,0.0,58.07,58.06,58.05,58.04,58.03,58.08,58.09,58.1,58.11,58.12,17,24,19,24,18,12,19,28,23,37
20191126,09:47:55.0,2019-11-26 09:47:55,CL2001,NYMEX,58.08,0,7798,0.0,57.92,58.12,57.84,58.01,58.01,1.7976931348623157e+308,1.7976931348623157e+308,0.0,58.07,58.06,58.05,58.04,58.03,58.08,58.09,58.1,58.11,58.12,9,25,19,22,18,19,19,28,23,37
20191126,09:47:56.0,2019-11-26 09:47:56,CL2001,NYMEX,58.08,0,7799,0.0,57.92,58.12,57.84,58.01,58.01,1.7976931348623157e+308,1.7976931348623157e+308,0.0,58.07,58.06,58.05,58.04,58.03,58.08,58.09,58.1,58.11,58.12,17,25,20,24,18,9,23,28,19,37
20191126,09:47:57.0,2019-11-26 09:47:57,CL2001,NYMEX,58.08,0,7803,0.0,57.92,58.12,57.84,58.01,58.01,1.7976931348623157e+308,1.7976931348623157e+308,0.0,58.08,58.07,58.06,58.05,58.04,58.09,58.1,58.11,58.12,58.13,6,24,25,20,24,22,28,17,35,25
20191126,09:47:57.0,2019-11-26 09:47:57,CL2001,NYMEX,58.08,0,7806,0.0,57.92,58.12,57.84,58.01,58.01,1.7976931348623157e+308,1.7976931348623157e+308,0.0,58.07,58.06,58.05,58.04,58.03,58.08,58.09,58.1,58.11,58.12,20,26,20,24,18,14,23,28,19,37
20191126,09:47:57.0,2019-11-26 09:47:57,CL2001,NYMEX,58.07,0,7807,0.0,57.92,58.12,57.84,58.01,58.01,1.7976931348623157e+308,1.7976931348623157e+308,0.0,58.07,58.06,58.05,58.04,58.03,58.08,58.09,58.1,58.11,58.12,11,26,19,22,18,16,23,28,19,37
20191126,09:47:57.0,2019-11-26 09:47:57,CL2001,NYMEX,58.08,0,7812,0.0,57.92,58.12,57.84,58.01,58.01,1.7976931348623157e+308,1.7976931348623157e+308,0.0,58.07,58.06,58.05,58.04,58.03,58.08,58.09,58.1,58.11,58.12,21,27,20,24,18,5,23,28,19,37
20191126,09:47:58.0,2019-11-26 09:47:58,CL2001,NYMEX,58.08,0,7812,0.0,57.92,58.12,57.84,58.01,58.01,1.7976931348623157e+308,1.7976931348623157e+308,0.0,58.07,58.06,58.05,58.04,58.03,58.08,58.09,58.1,58.11,58.12,22,27,20,24,18,5,23,28,19,37
20191126,09:47:59.0,2019-11-26 09:47:59,CL2001,NYMEX,58.08,0,7812,0.0,57.92,58.12,57.84,58.01,58.01,1.7976931348623157e+308,1.7976931348623157e+308,0.0,58.07,58.06,58.05,58.04,58.03,58.08,58.09,58.1,58.11,58.12,22,29,20,22,18,10,24,28,19,37
20191126,09:47:59.0,2019-11-26 09:47:59,CL2001,NYMEX,58.08,0,7813,0.0,57.92,58.12,57.84,58.01,58.01,1.7976931348623157e+308,1.7976931348623157e+308,0.0,58.08,58.07,58.06,58.05,58.04,58.09,58.1,58.11,58.12,58.13,2,24,28,20,24,24,28,17,37,22
20191126,09:48:00.0,2019-11-26 09:48:00,CL2001,NYMEX,58.08,0,7816,0.0,57.92,58.12,57.84,58.01,58.01,1.7976931348623157e+308,1.7976931348623157e+308,0.0,58.08,58.07,58.06,58.05,58.04,58.09,58.1,58.11,58.12,58.13,7,24,28,20,24,21,28,17,37,22
20191126,09:48:01.0,2019-11-26 09:48:01,CL2001,NYMEX,58.08,0,7818,0.0,57.92,58.12,57.84,58.01,58.01,1.7976931348623157e+308,1.7976931348623157e+308,0.0,58.07,58.06,58.05,58.04,58.03,58.08,58.09,58.1,58.11,58.12,23,28,20,24,18,5,26,27,19,37
20191126,09:48:01.0,2019-11-26 09:48:01,CL2001,NYMEX,58.08,0,7823,0.0,57.92,58.12,57.84,58.01,58.01,1.7976931348623157e+308,1.7976931348623157e+308,0.0,58.08,58.07,58.06,58.05,58.04,58.09,58.1,58.11,58.12,58.13,3,23,28,20,24,27,26,19,37,19
20191126,09:48:02.0,2019-11-26 09:48:02,CL2001,NYMEX,58.08,0,7831,0.0,57.92,58.12,57.84,58.01,58.01,1.7976931348623157e+308,1.7976931348623157e+308,0.0,58.07,58.06,58.05,58.04,58.03,58.08,58.09,58.1,58.11,58.12,22,28,20,24,18,6,28,26,19,37
20191126,09:48:02.0,2019-11-26 09:48:02,CL2001,NYMEX,58.08,0,7832,0.0,57.92,58.12,57.84,58.01,58.01,1.7976931348623157e+308,1.7976931348623157e+308,0.0,58.07,58.06,58.05,58.04,58.03,58.08,58.09,58.1,58.11,58.12,23,28,20,24,18,5,28,26,19,37
20191126,09:48:03.0,2019-11-26 09:48:03,CL2001,NYMEX,58.08,0,7836,0.0,57.92,58.12,57.84,58.01,58.01,1.7976931348623157e+308,1.7976931348623157e+308,0.0,58.07,58.06,58.05,58.04,58.03,58.08,58.09,58.1,58.11,58.12,23,28,20,24,18,4,28,26,19,37
20191126,09:48:03.0,2019-11-26 09:48:03,CL2001,NYMEX,58.08,0,7851,0.0,57.92,58.12,57.84,58.01,58.01,1.7976931348623157e+308,1.7976931348623157e+308,0.0,58.08,58.07,58.06,58.05,58.04,58.09,58.1,58.11,58.12,58.13,8,27,28,20,24,27,27,17,37,21
20191126,09:48:03.0,2019-11-26 09:48:03,CL2001,NYMEX,58.08,0,7859,0.0,57.92,58.12,57.84,58.01,58.01,1.7976931348623157e+308,1.7976931348623157e+308,0.0,58.07,58.06,58.05,58.04,58.03,58.08,58.09,58.1,58.11,58.12,24,28,20,24,18,9,26,27,19,37
20191126,09:48:04.0,2019-11-26 09:48:04,CL2001,NYMEX,58.08,0,7862,0.0,57.92,58.12,57.84,58.01,58.01,1.7976931348623157e+308,1.7976931348623157e+308,0.0,58.08,58.07,58.06,58.05,58.04,58.09,58.1,58.11,58.12,58.13,9,25,28,20,24,22,27,17,37,21
20191126,09:48:04.0,2019-11-26 09:48:04,CL2001,NYMEX,58.08,0,7867,0.0,57.92,58.12,57.84,58.01,58.01,1.7976931348623157e+308,1.7976931348623157e+308,0.0,58.07,58.06,58.05,58.04,58.03,58.08,58.09,58.1,58.11,58.12,25,28,20,24,18,2,26,27,17,37
20191126,09:48:05.0,2019-11-26 09:48:05,CL2001,NYMEX,58.08,0,7867,0.0,57.92,58.12,57.84,58.01,58.01,1.7976931348623157e+308,1.7976931348623157e+308,0.0,58.07,58.06,58.05,58.04,58.03,58.08,58.09,58.1,58.11,58.12,24,28,20,24,18,3,26,27,17,37
20191126,09:48:06.0,2019-11-26 09:48:06,CL2001,NYMEX,58.08,0,7869,0.0,57.92,58.12,57.84,58.01,58.01,1.7976931348623157e+308,1.7976931348623157e+308,0.0,58.07,58.06,58.05,58.04,58.03,58.08,58.09,58.1,58.11,58.12,23,29,21,24,18,9,28,25,19,37
20191126,09:48:07.0,2019-11-26 09:48:07,CL2001,NYMEX,58.08,0,7870,0.0,57.92,58.12,57.84,58.01,58.01,1.7976931348623157e+308,1.7976931348623157e+308,0.0,58.07,58.06,58.05,58.04,58.03,58.08,58.09,58.1,58.11,58.12,22,29,21,24,18,8,31,22,19,37
20191126,09:48:07.0,2019-11-26 09:48:07,CL2001,NYMEX,58.08,0,7872,0.0,57.92,58.12,57.84,58.01,58.01,1.7976931348623157e+308,1.7976931348623157e+308,0.0,58.07,58.06,58.05,58.04,58.03,58.09,58.1,58.11,58.12,58.13,25,28,21,24,18,34,21,18,37,21
20191126,09:48:08.0,2019-11-26 09:48:08,CL2001,NYMEX,58.08,0,7872,0.0,57.92,58.12,57.84,58.01,58.01,1.7976931348623157e+308,1.7976931348623157e+308,0.0,58.07,58.06,58.05,58.04,58.03,58.08,58.09,58.1,58.11,58.12,23,28,21,24,18,8,34,21,20,35
20191126,09:48:08.0,2019-11-26 09:48:08,CL2001,NYMEX,58.08,0,7873,0.0,57.92,58.12,57.84,58.01,58.01,1.7976931348623157e+308,1.7976931348623157e+308,0.0,58.07,58.06,58.05,58.04,58.03,58.08,58.09,58.1,58.11,58.12,23,28,21,24,18,8,34,22,22,35
20191126,09:48:08.0,2019-11-26 09:48:08,CL2001,NYMEX,58.07,0,7874,0.0,57.92,58.12,57.84,58.01,58.01,1.7976931348623157e+308,1.7976931348623157e+308,0.0,58.07,58.06,58.05,58.04,58.03,58.08,58.09,58.1,58.11,58.12,12,28,21,22,18,15,34,22,22,35
20191126,09:48:09.0,2019-11-26 09:48:09,CL2001,NYMEX,58.07,0,7874,0.0,57.92,58.12,57.84,58.01,58.01,1.7976931348623157e+308,1.7976931348623157e+308,0.0,58.07,58.06,58.05,58.04,58.03,58.08,58.09,58.1,58.11,58.12,9,28,21,22,18,16,34,22,22,35
20191126,09:48:10.0,2019-11-26 09:48:10,CL2001,NYMEX,58.07,0,7874,0.0,57.92,58.12,57.84,58.01,58.01,1.7976931348623157e+308,1.7976931348623157e+308,0.0,58.07,58.06,58.05,58.04,58.03,58.08,58.09,58.1,58.11,58.12,8,29,21,22,18,16,35,22,23,35
20191126,09:48:10.0,2019-11-26 09:48:10,CL2001,NYMEX,58.07,0,7880,0.0,57.92,58.12,57.84,58.01,58.01,1.7976931348623157e+308,1.7976931348623157e+308,0.0,58.06,58.05,58.04,58.03,58.02,58.07,58.08,58.09,58.1,58.11,25,21,22,18,16,9,21,35,25,23
20191126,09:48:10.0,2019-11-26 09:48:10,CL2001,NYMEX,58.06,0,7894,0.0,57.92,58.12,57.84,58.01,58.01,1.7976931348623157e+308,1.7976931348623157e+308,0.0,58.05,58.04,58.03,58.02,58.01,58.06,58.07,58.08,58.09,58.1,15,22,16,16,16,13,23,22,38,27
20191126,09:48:11.0,2019-11-26 09:48:11,CL2001,NYMEX,58.06,0,7896,0.0,57.92,58.12,57.84,58.01,58.01,1.7976931348623157e+308,1.7976931348623157e+308,0.0,58.05,58.04,58.03,58.02,58.01,58.06,58.07,58.08,58.09,58.1,22,22,16,16,18,4,22,22,38,27
20191126,09:48:11.0,2019-11-26 09:48:11,CL2001,NYMEX,58.06,0,7898,0.0,57.92,58.12,57.84,58.01,58.01,1.7976931348623157e+308,1.7976931348623157e+308,0.0,58.06,58.05,58.04,58.03,58.02,58.07,58.08,58.09,58.1,58.11,13,25,21,16,16,16,22,33,27,20
20191126,09:48:12.0,2019-11-26 09:48:12,CL2001,NYMEX,58.06,0,7898,0.0,57.92,58.12,57.84,58.01,58.01,1.7976931348623157e+308,1.7976931348623157e+308,0.0,58.05,58.04,58.03,58.02,58.01,58.06,58.07,58.08,58.09,58.1,17,21,16,16,18,15,23,22,35,25
20191126,09:48:12.0,2019-11-26 09:48:12,CL2001,NYMEX,58.05,0,7908,0.0,57.92,58.12,57.84,58.01,58.01,1.7976931348623157e+308,1.7976931348623157e+308,0.0,58.05,58.04,58.03,58.02,58.01,58.06,58.07,58.08,58.09,58.1,12,20,15,14,18,19,23,25,35,22
20191126,09:48:13.0,2019-11-26 09:48:13,CL2001,NYMEX,58.05,0,7910,0.0,57.92,58.12,57.84,58.01,58.01,1.7976931348623157e+308,1.7976931348623157e+308,0.0,58.05,58.04,58.03,58.02,58.01,58.06,58.07,58.08,58.09,58.1,9,20,15,14,18,16,23,25,35,24
20191126,09:48:14.0,2019-11-26 09:48:14,CL2001,NYMEX,58.05,0,7910,0.0,57.92,58.12,57.84,58.01,58.01,1.7976931348623157e+308,1.7976931348623157e+308,0.0,58.05,58.04,58.03,58.02,58.01,58.06,58.07,58.08,58.09,58.1,8,21,15,14,18,17,25,23,35,24
20191126,09:48:14.0,2019-11-26 09:48:14,CL2001,NYMEX,58.06,0,7911,0.0,57.92,58.12,57.84,58.01,58.01,1.7976931348623157e+308,1.7976931348623157e+308,0.0,58.05,58.04,58.03,58.02,58.01,58.06,58.07,58.08,58.09,58.1,16,21,15,14,18,16,23,23,35,24
20191126,09:48:15.0,2019-11-26 09:48:15,CL2001,NYMEX,58.06,0,7911,0.0,57.92,58.12,57.84,58.01,58.01,1.7976931348623157e+308,1.7976931348623157e+308,0.0,58.05,58.04,58.03,58.02,58.01,58.06,58.07,58.08,58.09,58.1,8,21,15,14,18,17,23,25,35,24
20191126,09:48:15.0,2019-11-26 09:48:15,CL2001,NYMEX,58.05,0,7912,0.0,57.92,58.12,57.84,58.01,58.01,1.7976931348623157e+308,1.7976931348623157e+308,0.0,58.05,58.04,58.03,58.02,58.01,58.06,58.07,58.08,58.09,58.1,18,20,15,14,19,7,23,25,35,24
20191126,09:48:16.0,2019-11-26 09:48:16,CL2001,NYMEX,58.05,0,7912,0.0,57.92,58.12,57.84,58.01,58.01,1.7976931348623157e+308,1.7976931348623157e+308,0.0,58.05,58.04,58.03,58.02,58.01,58.06,58.07,58.08,58.09,58.1,12,20,15,14,19,17,23,25,35,24
20191126,09:48:17.0,2019-11-26 09:48:17,CL2001,NYMEX,58.05,0,7912,0.0,57.92,58.12,57.84,58.01,58.01,1.7976931348623157e+308,1.7976931348623157e+308,0.0,58.05,58.04,58.03,58.02,58.01,58.06,58.07,58.08,58.09,58.1,6,20,15,14,19,19,25,23,35,24
20191126,09:48:17.0,2019-11-26 09:48:17,CL2001,NYMEX,58.06,0,7914,0.0,57.92,58.12,57.84,58.01,58.01,1.7976931348623157e+308,1.7976931348623157e+308,0.0,58.05,58.04,58.03,58.02,58.01,58.06,58.07,58.08,58.09,58.1,13,20,15,13,16,9,16,15,27,15
20191126,09:48:18.0,2019-11-26 09:48:18,CL2001,NYMEX,58.06,0,7914,0.0,57.92,58.12,57.84,58.01,58.01,1.7976931348623157e+308,1.7976931348623157e+308,0.0,58.05,58.04,58.03,58.02,58.01,58.06,58.07,58.08,58.09,58.1,13,20,15,13,16,9,16,17,27,15
20191126,09:48:19.0,2019-11-26 09:48:19,CL2001,NYMEX,58.06,0,7914,0.0,57.92,58.12,57.84,58.01,58.01,1.7976931348623157e+308,1.7976931348623157e+308,0.0,58.05,58.04,58.03,58.02,58.01,58.06,58.07,58.08,58.09,58.1,14,20,15,13,16,6,18,15,27,15
20191126,09:48:20.0,2019-11-26 09:48:20,CL2001,NYMEX,58.06,0,7914,0.0,57.92,58.12,57.84,58.01,58.01,1.7976931348623157e+308,1.7976931348623157e+308,0.0,58.05,58.04,58.03,58.02,58.01,58.06,58.07,58.08,58.09,58.1,13,20,15,13,16,9,18,15,27,16
20191126,09:48:21.0,2019-11-26 09:48:21,CL2001,NYMEX,58.06,0,7914,0.0,57.92,58.12,57.84,58.01,58.01,1.7976931348623157e+308,1.7976931348623157e+308,0.0,58.05,58.04,58.03,58.02,58.01,58.06,58.07,58.08,58.09,58.1,12,19,15,13,16,11,16,15,27,16
20191126,09:48:22.0,2019-11-26 09:48:22,CL2001,NYMEX,58.05,0,7935,0.0,57.92,58.12,57.84,58.01,58.01,1.7976931348623157e+308,1.7976931348623157e+308,0.0,58.04,58.03,58.02,58.01,58.0,58.06,58.07,58.08,58.09,58.1,17,14,12,16,11,17,14,15,27,16
20191126,09:48:23.0,2019-11-26 09:48:23,CL2001,NYMEX,58.05,0,7935,0.0,57.92,58.12,57.84,58.01,58.01,1.7976931348623157e+308,1.7976931348623157e+308,0.0,58.04,58.03,58.02,58.01,58.0,58.05,58.06,58.07,58.08,58.09,15,14,12,18,13,8,15,14,17,29
20191126,09:48:24.0,2019-11-26 09:48:24,CL2001,NYMEX,58.05,0,7935,0.0,57.92,58.12,57.84,58.01,58.01,1.7976931348623157e+308,1.7976931348623157e+308,0.0,58.04,58.03,58.02,58.01,58.0,58.05,58.06,58.07,58.08,58.09,13,15,12,16,13,13,15,14,17,26
20191126,09:48:24.0,2019-11-26 09:48:24,CL2001,NYMEX,58.04,0,7936,0.0,57.92,58.12,57.84,58.01,58.01,1.7976931348623157e+308,1.7976931348623157e+308,0.0,58.04,58.03,58.02,58.01,58.0,58.05,58.06,58.07,58.08,58.09,11,15,12,16,13,13,15,15,17,26
20191126,09:48:25.0,2019-11-26 09:48:25,CL2001,NYMEX,58.04,0,7936,0.0,57.92,58.12,57.84,58.01,58.01,1.7976931348623157e+308,1.7976931348623157e+308,0.0,58.04,58.03,58.02,58.01,58.0,58.05,58.06,58.07,58.08,58.09,11,15,12,16,13,13,14,14,23,26
20191126,09:48:26.0,2019-11-26 09:48:26,CL2001,NYMEX,58.04,0,7936,0.0,57.92,58.12,57.84,58.01,58.01,1.7976931348623157e+308,1.7976931348623157e+308,0.0,58.04,58.03,58.02,58.01,58.0,58.05,58.06,58.07,58.08,58.09,11,15,12,16,13,15,14,14,23,26
20191126,09:48:27.0,2019-11-26 09:48:27,CL2001,NYMEX,58.04,0,7936,0.0,57.92,58.12,57.84,58.01,58.01,1.7976931348623157e+308,1.7976931348623157e+308,0.0,58.04,58.03,58.02,58.01,58.0,58.05,58.06,58.07,58.08,58.09,9,15,13,16,13,18,14,14,23,26
20191126,09:48:28.0,2019-11-26 09:48:28,CL2001,NYMEX,58.04,0,7936,0.0,57.92,58.12,57.84,58.01,58.01,1.7976931348623157e+308,1.7976931348623157e+308,0.0,58.04,58.03,58.02,58.01,58.0,58.05,58.06,58.07,58.08,58.09,9,15,13,16,13,22,14,14,23,26
20191126,09:48:29.0,2019-11-26 09:48:29,CL2001,NYMEX,58.05,0,7938,0.0,57.92,58.12,57.84,58.01,58.01,1.7976931348623157e+308,1.7976931348623157e+308,0.0,58.04,58.03,58.02,58.01,58.0,58.05,58.06,58.07,58.08,58.09,12,15,13,16,13,13,14,14,23,26
20191126,09:48:29.0,2019-11-26 09:48:29,CL2001,NYMEX,58.05,0,7939,0.0,57.92,58.12,57.84,58.01,58.01,1.7976931348623157e+308,1.7976931348623157e+308,0.0,58.04,58.03,58.02,58.01,58.0,58.05,58.06,58.07,58.08,58.09,10,15,13,16,13,20,14,14,23,26
20191126,09:48:30.0,2019-11-26 09:48:30,CL2001,NYMEX,58.05,0,7939,0.0,57.92,58.12,57.84,58.01,58.01,1.7976931348623157e+308,1.7976931348623157e+308,0.0,58.04,58.03,58.02,58.01,58.0,58.05,58.06,58.07,58.08,58.09,10,15,13,16,13,20,14,14,23,26
20191126,09:48:31.0,2019-11-26 09:48:31,CL2001,NYMEX,58.04,0,7949,0.0,57.92,58.12,57.84,58.01,58.01,1.7976931348623157e+308,1.7976931348623157e+308,0.0,58.03,58.02,58.01,58.0,57.99,58.05,58.06,58.07,58.08,58.09,17,14,16,11,14,21,13,16,25,23
20191126,09:48:31.0,2019-11-26 09:48:31,CL2001,NYMEX,58.04,0,7952,0.0,57.92,58.12,57.84,58.01,58.01,1.7976931348623157e+308,1.7976931348623157e+308,0.0,58.04,58.03,58.02,58.01,58.0,58.05,58.06,58.07,58.08,58.09,2,17,13,16,13,21,13,16,23,25
20191126,09:48:32.0,2019-11-26 09:48:32,CL2001,NYMEX,58.04,0,7953,0.0,57.92,58.12,57.84,58.01,58.01,1.7976931348623157e+308,1.7976931348623157e+308,0.0,58.04,58.03,58.02,58.01,58.0,58.05,58.06,58.07,58.08,58.09,9,14,13,16,11,14,14,14,21,25
20191126,09:48:33.0,2019-11-26 09:48:33,CL2001,NYMEX,58.04,0,7953,0.0,57.92,58.12,57.84,58.01,58.01,1.7976931348623157e+308,1.7976931348623157e+308,0.0,58.04,58.03,58.02,58.01,58.0,58.05,58.06,58.07,58.08,58.09,1,14,13,15,11,18,14,13,22,22
20191126,09:48:34.0,2019-11-26 09:48:34,CL2001,NYMEX,58.04,0,7953,0.0,57.92,58.12,57.84,58.01,58.01,1.7976931348623157e+308,1.7976931348623157e+308,0.0,58.04,58.03,58.02,58.01,58.0,58.05,58.06,58.07,58.08,58.09,10,15,13,15,11,12,14,13,22,22
20191126,09:48:34.0,2019-11-26 09:48:34,CL2001,NYMEX,58.05,0,7956,0.0,57.92,58.12,57.84,58.01,58.01,1.7976931348623157e+308,1.7976931348623157e+308,0.0,58.04,58.03,58.02,58.01,58.0,58.05,58.06,58.07,58.08,58.09,9,15,13,15,11,11,14,13,22,22
20191126,09:48:34.0,2019-11-26 09:48:34,CL2001,NYMEX,58.04,0,7957,0.0,57.92,58.12,57.84,58.01,58.01,1.7976931348623157e+308,1.7976931348623157e+308,0.0,58.04,58.03,58.02,58.01,58.0,58.05,58.06,58.07,58.08,58.09,9,15,13,15,11,11,14,13,22,22
20191126,09:48:35.0,2019-11-26 09:48:35,CL2001,NYMEX,58.05,0,7959,0.0,57.92,58.12,57.84,58.01,58.01,1.7976931348623157e+308,1.7976931348623157e+308,0.0,58.04,58.03,58.02,58.01,58.0,58.05,58.06,58.07,58.08,58.09,9,15,13,15,11,12,14,13,22,21
20191126,09:48:36.0,2019-11-26 09:48:36,CL2001,NYMEX,58.05,0,7959,0.0,57.92,58.12,57.84,58.01,58.01,1.7976931348623157e+308,1.7976931348623157e+308,0.0,58.04,58.03,58.02,58.01,58.0,58.05,58.06,58.07,58.08,58.09,8,15,13,16,11,12,14,13,23,21
20191126,09:48:37.0,2019-11-26 09:48:37,CL2001,NYMEX,58.05,0,7959,0.0,57.92,58.12,57.84,58.01,58.01,1.7976931348623157e+308,1.7976931348623157e+308,0.0,58.04,58.03,58.02,58.01,58.0,58.05,58.06,58.07,58.08,58.09,10,15,13,16,14,10,14,13,25,23
20191126,09:48:37.0,2019-11-26 09:48:37,CL2001,NYMEX,58.04,0,7960,0.0,57.92,58.12,57.84,58.01,58.01,1.7976931348623157e+308,1.7976931348623157e+308,0.0,58.04,58.03,58.02,58.01,58.0,58.05,58.06,58.07,58.08,58.09,10,16,13,16,14,10,14,13,25,23
