date,time,datetime,symbol,exchange,lastPrice,lastVolume,volume,openInterest,openPrice,highPrice,lowPrice,preClosePrice,preSettlementPrice,upperLimit,lowerLimit,turnover,bidPrice1,bidPrice2,bidPrice3,bidPrice4,bidPrice5,askPrice1,askPrice2,askPrice3,askPrice4,askPrice5,bidVolume1,bidVolume2,bidVolume3,bidVolume4,bidVolume5,askVolume1,askVolume2,askVolume3,askVolume4,askVolume5
20191126,09:43:20.0,2019-11-26 09:43:20,GC1912,COMEX,1453.1,0,9702,0.0,1455.1,1455.4,1452.6,1456.9,1456.9,1.7976931348623157e+308,1.7976931348623157e+308,0.0,1453.0,1452.9,1452.8,1452.7,1452.6,1453.1,1453.2,1453.3,1453.4,1453.5,30,40,41,42,41,4,31,40,39,37
20191126,09:43:35.0,2019-11-26 09:43:35,GC1912,COMEX,1452.9,0,9745,0.0,1455.1,1455.4,1452.6,1456.9,1456.9,1.7976931348623157e+308,1.7976931348623157e+308,0.0,1452.9,1452.8,1452.7,1452.6,1452.5,1453.0,1453.1,1453.2,1453.3,1453.4,12,31,44,41,40,33,37,37,38,40
20191126,09:43:36.0,2019-11-26 09:43:36,GC1912,COMEX,1452.9,0,9745,0.0,1455.1,1455.4,1452.6,1456.9,1456.9,1.7976931348623157e+308,1.7976931348623157e+308,0.0,1452.9,1452.8,1452.7,1452.6,1452.5,1453.0,1453.1,1453.2,1453.3,1453.4,19,31,44,41,40,18,37,37,38,40
20191126,09:43:37.0,2019-11-26 09:43:37,GC1912,COMEX,1452.9,0,9745,0.0,1455.1,1455.4,1452.6,1456.9,1456.9,1.7976931348623157e+308,1.7976931348623157e+308,0.0,1452.9,1452.8,1452.7,1452.6,1452.5,1453.0,1453.1,1453.2,1453.3,1453.4,19,33,45,40,41,16,37,37,38,40
20191126,09:43:39.0,2019-11-26 09:43:39,GC1912,COMEX,1452.9,0,9745,0.0,1455.1,1455.4,1452.6,1456.9,1456.9,1.7976931348623157e+308,1.7976931348623157e+308,0.0,1452.9,1452.8,1452.7,1452.6,1452.5,1453.0,1453.1,1453.2,1453.3,1453.4,19,33,45,40,41,16,37,37,38,40
20191126,09:43:40.0,2019-11-26 09:43:40,GC1912,COMEX,1452.9,0,9745,0.0,1455.1,1455.4,1452.6,1456.9,1456.9,1.7976931348623157e+308,1.7976931348623157e+308,0.0,1452.9,1452.8,1452.7,1452.6,1452.5,1453.0,1453.1,1453.2,1453.3,1453.4,19,33,45,40,41,15,37,37,38,40
20191126,09:43:41.0,2019-11-26 09:43:41,GC1912,COMEX,1452.9,0,9745,0.0,1455.1,1455.4,1452.6,1456.9,1456.9,1.7976931348623157e+308,1.7976931348623157e+308,0.0,1452.9,1452.8,1452.7,1452.6,1452.5,1453.0,1453.1,1453.2,1453.3,1453.4,19,33,45,40,41,16,37,37,38,40
20191126,09:43:42.0,2019-11-26 09:43:42,GC1912,COMEX,1452.9,0,9745,0.0,1455.1,1455.4,1452.6,1456.9,1456.9,1.7976931348623157e+308,1.7976931348623157e+308,0.0,1452.9,1452.8,1452.7,1452.6,1452.5,1453.0,1453.1,1453.2,1453.3,1453.4,20,33,45,40,41,16,37,37,38,40
20191126,09:43:43.0,2019-11-26 09:43:43,GC1912,COMEX,1452.9,0,9745,0.0,1455.1,1455.4,1452.6,1456.9,1456.9,1.7976931348623157e+308,1.7976931348623157e+308,0.0,1452.9,1452.8,1452.7,1452.6,1452.5,1453.0,1453.1,1453.2,1453.3,1453.4,19,33,45,40,41,16,37,37,38,40
20191126,09:43:44.0,2019-11-26 09:43:44,GC1912,COMEX,1452.9,0,9745,0.0,1455.1,1455.4,1452.6,1456.9,1456.9,1.7976931348623157e+308,1.7976931348623157e+308,0.0,1452.9,1452.8,1452.7,1452.6,1452.5,1453.0,1453.1,1453.2,1453.3,1453.4,20,33,45,40,41,17,37,37,38,40
20191126,09:43:46.0,2019-11-26 09:43:46,GC1912,COMEX,1452.9,0,9745,0.0,1455.1,1455.4,1452.6,1456.9,1456.9,1.7976931348623157e+308,1.7976931348623157e+308,0.0,1452.9,1452.8,1452.7,1452.6,1452.5,1453.0,1453.1,1453.2,1453.3,1453.4,20,32,45,40,41,17,37,37,38,40
20191126,09:43:47.0,2019-11-26 09:43:47,GC1912,COMEX,1452.9,0,9745,0.0,1455.1,1455.4,1452.6,1456.9,1456.9,1.7976931348623157e+308,1.7976931348623157e+308,0.0,1452.9,1452.8,1452.7,1452.6,1452.5,1453.0,1453.1,1453.2,1453.3,1453.4,18,32,45,40,41,17,37,37,38,40
20191126,09:43:49.0,2019-11-26 09:43:49,GC1912,COMEX,1452.9,0,9745,0.0,1455.1,1455.4,1452.6,1456.9,1456.9,1.7976931348623157e+308,1.7976931348623157e+308,0.0,1452.9,1452.8,1452.7,1452.6,1452.5,1453.0,1453.1,1453.2,1453.3,1453.4,18,32,45,40,41,18,37,37,38,40
20191126,09:43:50.0,2019-11-26 09:43:50,GC1912,COMEX,1452.9,0,9745,0.0,1455.1,1455.4,1452.6,1456.9,1456.9,1.7976931348623157e+308,1.7976931348623157e+308,0.0,1452.9,1452.8,1452.7,1452.6,1452.5,1453.0,1453.1,1453.2,1453.3,1453.4,16,33,45,40,41,19,37,37,38,40
20191126,09:43:51.0,2019-11-26 09:43:51,GC1912,COMEX,1452.9,0,9745,0.0,1455.1,1455.4,1452.6,1456.9,1456.9,1.7976931348623157e+308,1.7976931348623157e+308,0.0,1452.9,1452.8,1452.7,1452.6,1452.5,1453.0,1453.1,1453.2,1453.3,1453.4,16,32,45,40,41,19,37,37,38,40
20191126,09:43:52.0,2019-11-26 09:43:52,GC1912,COMEX,1452.9,0,9746,0.0,1455.1,1455.4,1452.6,1456.9,1456.9,1.7976931348623157e+308,1.7976931348623157e+308,0.0,1452.9,1452.8,1452.7,1452.6,1452.5,1453.0,1453.1,1453.2,1453.3,1453.4,18,36,45,40,41,22,37,37,38,40
20191126,09:43:54.0,2019-11-26 09:43:54,GC1912,COMEX,1452.9,0,9746,0.0,1455.1,1455.4,1452.6,1456.9,1456.9,1.7976931348623157e+308,1.7976931348623157e+308,0.0,1452.9,1452.8,1452.7,1452.6,1452.5,1453.0,1453.1,1453.2,1453.3,1453.4,18,36,45,40,41,19,37,37,38,40
20191126,09:43:56.0,2019-11-26 09:43:56,GC1912,COMEX,1452.9,0,9746,0.0,1455.1,1455.4,1452.6,1456.9,1456.9,1.7976931348623157e+308,1.7976931348623157e+308,0.0,1452.9,1452.8,1452.7,1452.6,1452.5,1453.0,1453.1,1453.2,1453.3,1453.4,18,36,45,40,41,19,37,37,38,40
20191126,09:43:57.0,2019-11-26 09:43:57,GC1912,COMEX,1452.9,0,9746,0.0,1455.1,1455.4,1452.6,1456.9,1456.9,1.7976931348623157e+308,1.7976931348623157e+308,0.0,1452.9,1452.8,1452.7,1452.6,1452.5,1453.0,1453.1,1453.2,1453.3,1453.4,19,36,45,40,41,19,37,37,38,40
20191126,09:43:59.0,2019-11-26 09:43:59,GC1912,COMEX,1452.9,0,9746,0.0,1455.1,1455.4,1452.6,1456.9,1456.9,1.7976931348623157e+308,1.7976931348623157e+308,0.0,1452.9,1452.8,1452.7,1452.6,1452.5,1453.0,1453.1,1453.2,1453.3,1453.4,20,36,45,40,41,19,37,37,38,40
20191126,09:44:00.0,2019-11-26 09:44:00,GC1912,COMEX,1452.9,0,9746,0.0,1455.1,1455.4,1452.6,1456.9,1456.9,1.7976931348623157e+308,1.7976931348623157e+308,0.0,1452.9,1452.8,1452.7,1452.6,1452.5,1453.0,1453.1,1453.2,1453.3,1453.4,21,37,45,40,41,15,37,37,38,40
20191126,09:44:01.0,2019-11-26 09:44:01,GC1912,COMEX,1452.9,0,9746,0.0,1455.1,1455.4,1452.6,1456.9,1456.9,1.7976931348623157e+308,1.7976931348623157e+308,0.0,1452.9,1452.8,1452.7,1452.6,1452.5,1453.0,1453.1,1453.2,1453.3,1453.4,20,37,45,40,41,15,35,37,38,40
20191126,09:44:02.0,2019-11-26 09:44:02,GC1912,COMEX,1452.9,0,9746,0.0,1455.1,1455.4,1452.6,1456.9,1456.9,1.7976931348623157e+308,1.7976931348623157e+308,0.0,1452.9,1452.8,1452.7,1452.6,1452.5,1453.0,1453.1,1453.2,1453.3,1453.4,20,37,45,40,41,16,35,37,38,40
20191126,09:44:04.0,2019-11-26 09:44:04,GC1912,COMEX,1452.9,0,9746,0.0,1455.1,1455.4,1452.6,1456.9,1456.9,1.7976931348623157e+308,1.7976931348623157e+308,0.0,1452.9,1452.8,1452.7,1452.6,1452.5,1453.0,1453.1,1453.2,1453.3,1453.4,21,37,45,40,41,15,35,37,38,40
20191126,09:44:06.0,2019-11-26 09:44:06,GC1912,COMEX,1452.9,0,9746,0.0,1455.1,1455.4,1452.6,1456.9,1456.9,1.7976931348623157e+308,1.7976931348623157e+308,0.0,1452.9,1452.8,1452.7,1452.6,1452.5,1453.0,1453.1,1453.2,1453.3,1453.4,26,37,45,40,41,13,35,36,38,40
20191126,09:44:06.0,2019-11-26 09:44:06,GC1912,COMEX,1453.0,0,9754,0.0,1455.1,1455.4,1452.6,1456.9,1456.9,1.7976931348623157e+308,1.7976931348623157e+308,0.0,1453.0,1452.9,1452.8,1452.7,1452.6,1453.1,1453.2,1453.3,1453.4,1453.5,16,33,37,45,39,22,35,38,39,37
20191126,09:44:07.0,2019-11-26 09:44:07,GC1912,COMEX,1453.0,0,10753,0.0,1455.1,1455.4,1452.6,1456.9,1456.9,1.7976931348623157e+308,1.7976931348623157e+308,0.0,1453.0,1452.9,1452.8,1452.7,1452.6,1453.1,1453.2,1453.3,1453.4,1453.5,16,33,37,45,39,22,35,38,39,37
20191126,09:44:08.0,2019-11-26 09:44:08,GC1912,COMEX,1453.0,0,10753,0.0,1455.1,1455.4,1452.6,1456.9,1456.9,1.7976931348623157e+308,1.7976931348623157e+308,0.0,1453.0,1452.9,1452.8,1452.7,1452.6,1453.1,1453.2,1453.3,1453.4,1453.5,16,33,37,45,39,21,35,38,39,37
20191126,09:44:09.0,2019-11-26 09:44:09,GC1912,COMEX,1453.0,0,10753,0.0,1455.1,1455.4,1452.6,1456.9,1456.9,1.7976931348623157e+308,1.7976931348623157e+308,0.0,1453.0,1452.9,1452.8,1452.7,1452.6,1453.1,1453.2,1453.3,1453.4,1453.5,17,33,37,45,39,21,35,38,39,37
20191126,09:44:13.0,2019-11-26 09:44:13,GC1912,COMEX,1453.0,0,10753,0.0,1455.1,1455.4,1452.6,1456.9,1456.9,1.7976931348623157e+308,1.7976931348623157e+308,0.0,1453.0,1452.9,1452.8,1452.7,1452.6,1453.1,1453.2,1453.3,1453.4,1453.5,16,33,37,45,39,20,35,38,39,37
20191126,09:44:17.0,2019-11-26 09:44:17,GC1912,COMEX,1453.0,0,10753,0.0,1455.1,1455.4,1452.6,1456.9,1456.9,1.7976931348623157e+308,1.7976931348623157e+308,0.0,1453.0,1452.9,1452.8,1452.7,1452.6,1453.1,1453.2,1453.3,1453.4,1453.5,16,33,37,45,39,20,35,38,39,37
20191126,09:44:20.0,2019-11-26 09:44:20,GC1912,COMEX,1453.0,0,10753,0.0,1455.1,1455.4,1452.6,1456.9,1456.9,1.7976931348623157e+308,1.7976931348623157e+308,0.0,1453.0,1452.9,1452.8,1452.7,1452.6,1453.1,1453.2,1453.3,1453.4,1453.5,18,33,37,45,39,20,35,38,39,37
20191126,09:44:20.0,2019-11-26 09:44:20,GC1912,COMEX,1453.0,0,11752,0.0,1455.1,1455.4,1452.6,1456.9,1456.9,1.7976931348623157e+308,1.7976931348623157e+308,0.0,1453.0,1452.9,1452.8,1452.7,1452.6,1453.1,1453.2,1453.3,1453.4,1453.5,18,33,37,45,39,13,34,38,39,37
20191126,09:44:25.0,2019-11-26 09:44:25,GC1912,COMEX,1453.0,0,11752,0.0,1455.1,1455.4,1452.6,1456.9,1456.9,1.7976931348623157e+308,1.7976931348623157e+308,0.0,1453.0,1452.9,1452.8,1452.7,1452.6,1453.1,1453.2,1453.3,1453.4,1453.5,20,33,37,45,39,13,34,38,39,37
20191126,09:44:27.0,2019-11-26 09:44:27,GC1912,COMEX,1453.0,0,11752,0.0,1455.1,1455.4,1452.6,1456.9,1456.9,1.7976931348623157e+308,1.7976931348623157e+308,0.0,1453.0,1452.9,1452.8,1452.7,1452.6,1453.1,1453.2,1453.3,1453.4,1453.5,18,33,37,45,39,12,34,38,39,37
20191126,09:44:28.0,2019-11-26 09:44:28,GC1912,COMEX,1453.0,0,11752,0.0,1455.1,1455.4,1452.6,1456.9,1456.9,1.7976931348623157e+308,1.7976931348623157e+308,0.0,1453.0,1452.9,1452.8,1452.7,1452.6,1453.1,1453.2,1453.3,1453.4,1453.5,9,33,37,45,39,22,34,38,39,37
20191126,09:44:28.0,2019-11-26 09:44:28,GC1912,COMEX,1453.1,0,11753,0.0,1455.1,1455.4,1452.6,1456.9,1456.9,1.7976931348623157e+308,1.7976931348623157e+308,0.0,1453.0,1452.9,1452.8,1452.7,1452.6,1453.1,1453.2,1453.3,1453.4,1453.5,16,33,37,45,39,11,34,38,39,37
20191126,09:44:29.0,2019-11-26 09:44:29,GC1912,COMEX,1453.1,0,11758,0.0,1455.1,1455.4,1452.6,1456.9,1456.9,1.7976931348623157e+308,1.7976931348623157e+308,0.0,1453.1,1453.0,1452.9,1452.8,1452.7,1453.2,1453.3,1453.4,1453.5,1453.6,7,36,33,37,45,28,35,39,37,41
20191126,09:44:30.0,2019-11-26 09:44:30,GC1912,COMEX,1453.1,0,11758,0.0,1455.1,1455.4,1452.6,1456.9,1456.9,1.7976931348623157e+308,1.7976931348623157e+308,0.0,1453.1,1453.0,1452.9,1452.8,1452.7,1453.2,1453.3,1453.4,1453.5,1453.6,21,36,37,38,41,7,33,39,39,41
20191126,09:44:30.0,2019-11-26 09:44:30,GC1912,COMEX,1453.2,0,11774,0.0,1455.1,1455.4,1452.6,1456.9,1456.9,1.7976931348623157e+308,1.7976931348623157e+308,0.0,1453.2,1453.1,1453.0,1452.9,1452.8,1453.3,1453.4,1453.5,1453.6,1453.7,6,32,37,37,40,25,36,39,42,36
20191126,09:44:31.0,2019-11-26 09:44:31,GC1912,COMEX,1453.2,0,11774,0.0,1455.1,1455.4,1452.6,1456.9,1456.9,1.7976931348623157e+308,1.7976931348623157e+308,0.0,1453.2,1453.1,1453.0,1452.9,1452.8,1453.3,1453.4,1453.5,1453.6,1453.7,5,32,37,38,40,25,35,39,42,36
20191126,09:44:33.0,2019-11-26 09:44:33,GC1912,COMEX,1453.2,0,11774,0.0,1455.1,1455.4,1452.6,1456.9,1456.9,1.7976931348623157e+308,1.7976931348623157e+308,0.0,1453.2,1453.1,1453.0,1452.9,1452.8,1453.3,1453.4,1453.5,1453.6,1453.7,11,33,37,38,40,25,35,39,42,37
20191126,09:44:33.0,2019-11-26 09:44:33,GC1912,COMEX,1453.2,0,12049,0.0,1455.1,1455.4,1452.6,1456.9,1456.9,1.7976931348623157e+308,1.7976931348623157e+308,0.0,1453.2,1453.1,1453.0,1452.9,1452.8,1453.3,1453.4,1453.5,1453.6,1453.7,11,33,37,38,40,25,35,39,42,37
20191126,09:44:34.0,2019-11-26 09:44:34,GC1912,COMEX,1453.2,0,12049,0.0,1455.1,1455.4,1452.6,1456.9,1456.9,1.7976931348623157e+308,1.7976931348623157e+308,0.0,1453.2,1453.1,1453.0,1452.9,1452.8,1453.3,1453.4,1453.5,1453.6,1453.7,12,33,37,38,40,25,35,39,42,37
20191126,09:44:36.0,2019-11-26 09:44:36,GC1912,COMEX,1453.2,0,12049,0.0,1455.1,1455.4,1452.6,1456.9,1456.9,1.7976931348623157e+308,1.7976931348623157e+308,0.0,1453.2,1453.1,1453.0,1452.9,1452.8,1453.3,1453.4,1453.5,1453.6,1453.7,15,33,37,38,40,25,35,39,42,37
20191126,09:44:36.0,2019-11-26 09:44:36,GC1912,COMEX,1453.2,0,12053,0.0,1455.1,1455.4,1452.6,1456.9,1456.9,1.7976931348623157e+308,1.7976931348623157e+308,0.0,1453.2,1453.1,1453.0,1452.9,1452.8,1453.3,1453.4,1453.5,1453.6,1453.7,16,33,37,38,40,25,35,39,42,37
20191126,09:44:37.0,2019-11-26 09:44:37,GC1912,COMEX,1453.2,0,12053,0.0,1455.1,1455.4,1452.6,1456.9,1456.9,1.7976931348623157e+308,1.7976931348623157e+308,0.0,1453.2,1453.1,1453.0,1452.9,1452.8,1453.3,1453.4,1453.5,1453.6,1453.7,16,33,37,38,40,26,35,39,42,37
20191126,09:44:39.0,2019-11-26 09:44:39,GC1912,COMEX,1453.2,0,12053,0.0,1455.1,1455.4,1452.6,1456.9,1456.9,1.7976931348623157e+308,1.7976931348623157e+308,0.0,1453.2,1453.1,1453.0,1452.9,1452.8,1453.3,1453.4,1453.5,1453.6,1453.7,15,33,37,38,40,26,35,39,42,37
20191126,09:44:44.0,2019-11-26 09:44:44,GC1912,COMEX,1453.2,0,12053,0.0,1455.1,1455.4,1452.6,1456.9,1456.9,1.7976931348623157e+308,1.7976931348623157e+308,0.0,1453.2,1453.1,1453.0,1452.9,1452.8,1453.3,1453.4,1453.5,1453.6,1453.7,17,33,37,38,40,18,35,39,42,37
20191126,09:44:47.0,2019-11-26 09:44:47,GC1912,COMEX,1453.2,0,12053,0.0,1455.1,1455.4,1452.6,1456.9,1456.9,1.7976931348623157e+308,1.7976931348623157e+308,0.0,1453.2,1453.1,1453.0,1452.9,1452.8,1453.3,1453.4,1453.5,1453.6,1453.7,17,33,37,38,40,18,34,41,42,36
20191126,09:44:48.0,2019-11-26 09:44:48,GC1912,COMEX,1453.2,0,12053,0.0,1455.1,1455.4,1452.6,1456.9,1456.9,1.7976931348623157e+308,1.7976931348623157e+308,0.0,1453.2,1453.1,1453.0,1452.9,1452.8,1453.3,1453.4,1453.5,1453.6,1453.7,16,33,37,38,40,18,34,41,42,36
20191126,09:44:49.0,2019-11-26 09:44:49,GC1912,COMEX,1453.2,0,12053,0.0,1455.1,1455.4,1452.6,1456.9,1456.9,1.7976931348623157e+308,1.7976931348623157e+308,0.0,1453.2,1453.1,1453.0,1452.9,1452.8,1453.3,1453.4,1453.5,1453.6,1453.7,16,33,37,38,40,18,34,41,42,36
20191126,09:44:50.0,2019-11-26 09:44:50,GC1912,COMEX,1453.2,0,12053,0.0,1455.1,1455.4,1452.6,1456.9,1456.9,1.7976931348623157e+308,1.7976931348623157e+308,0.0,1453.2,1453.1,1453.0,1452.9,1452.8,1453.3,1453.4,1453.5,1453.6,1453.7,15,33,37,38,40,18,34,41,42,36
20191126,09:44:51.0,2019-11-26 09:44:51,GC1912,COMEX,1453.2,0,12053,0.0,1455.1,1455.4,1452.6,1456.9,1456.9,1.7976931348623157e+308,1.7976931348623157e+308,0.0,1453.2,1453.1,1453.0,1452.9,1452.8,1453.3,1453.4,1453.5,1453.6,1453.7,21,34,37,38,40,18,34,41,42,36
20191126,09:44:53.0,2019-11-26 09:44:53,GC1912,COMEX,1453.2,0,12053,0.0,1455.1,1455.4,1452.6,1456.9,1456.9,1.7976931348623157e+308,1.7976931348623157e+308,0.0,1453.2,1453.1,1453.0,1452.9,1452.8,1453.3,1453.4,1453.5,1453.6,1453.7,22,34,37,38,40,18,34,41,42,36
20191126,09:44:54.0,2019-11-26 09:44:54,GC1912,COMEX,1453.2,0,12053,0.0,1455.1,1455.4,1452.6,1456.9,1456.9,1.7976931348623157e+308,1.7976931348623157e+308,0.0,1453.2,1453.1,1453.0,1452.9,1452.8,1453.3,1453.4,1453.5,1453.6,1453.7,27,34,37,38,40,8,32,41,42,36
20191126,09:44:54.0,2019-11-26 09:44:54,GC1912,COMEX,1453.2,0,12063,0.0,1455.1,1455.4,1452.6,1456.9,1456.9,1.7976931348623157e+308,1.7976931348623157e+308,0.0,1453.2,1453.1,1453.0,1452.9,1452.8,1453.3,1453.4,1453.5,1453.6,1453.7,19,34,37,38,40,22,32,41,42,36
20191126,09:44:55.0,2019-11-26 09:44:55,GC1912,COMEX,1453.2,0,12063,0.0,1455.1,1455.4,1452.6,1456.9,1456.9,1.7976931348623157e+308,1.7976931348623157e+308,0.0,1453.2,1453.1,1453.0,1452.9,1452.8,1453.3,1453.4,1453.5,1453.6,1453.7,18,34,37,38,40,16,32,41,42,36
20191126,09:44:56.0,2019-11-26 09:44:56,GC1912,COMEX,1453.2,0,12063,0.0,1455.1,1455.4,1452.6,1456.9,1456.9,1.7976931348623157e+308,1.7976931348623157e+308,0.0,1453.2,1453.1,1453.0,1452.9,1452.8,1453.3,1453.4,1453.5,1453.6,1453.7,19,34,37,38,40,16,32,41,42,36
20191126,09:44:57.0,2019-11-26 09:44:57,GC1912,COMEX,1453.3,0,12077,0.0,1455.1,1455.4,1452.6,1456.9,1456.9,1.7976931348623157e+308,1.7976931348623157e+308,0.0,1453.2,1453.1,1453.0,1452.9,1452.8,1453.3,1453.4,1453.5,1453.6,1453.7,34,36,37,38,39,1,30,40,42,36
20191126,09:44:57.0,2019-11-26 09:44:57,GC1912,COMEX,1453.3,0,12078,0.0,1455.1,1455.4,1452.6,1456.9,1456.9,1.7976931348623157e+308,1.7976931348623157e+308,0.0,1453.2,1453.1,1453.0,1452.9,1452.8,1453.3,1453.4,1453.5,1453.6,1453.7,35,36,37,38,39,1,30,41,42,36
20191126,09:44:58.0,2019-11-26 09:44:58,GC1912,COMEX,1453.3,0,12078,0.0,1455.1,1455.4,1452.6,1456.9,1456.9,1.7976931348623157e+308,1.7976931348623157e+308,0.0,1453.2,1453.1,1453.0,1452.9,1452.8,1453.3,1453.4,1453.5,1453.6,1453.7,35,36,37,38,39,3,30,41,42,36
20191126,09:44:59.0,2019-11-26 09:44:59,GC1912,COMEX,1453.3,0,12078,0.0,1455.1,1455.4,1452.6,1456.9,1456.9,1.7976931348623157e+308,1.7976931348623157e+308,0.0,1453.2,1453.1,1453.0,1452.9,1452.8,1453.3,1453.4,1453.5,1453.6,1453.7,35,36,37,38,39,4,30,41,42,36
20191126,09:44:59.0,2019-11-26 09:44:59,GC1912,COMEX,1453.3,0,12080,0.0,1455.1,1455.4,1452.6,1456.9,1456.9,1.7976931348623157e+308,1.7976931348623157e+308,0.0,1453.2,1453.1,1453.0,1452.9,1452.8,1453.3,1453.4,1453.5,1453.6,1453.7,16,34,37,38,38,17,31,41,42,36
20191126,09:45:00.0,2019-11-26 09:45:00,GC1912,COMEX,1453.3,0,12080,0.0,1455.1,1455.4,1452.6,1456.9,1456.9,1.7976931348623157e+308,1.7976931348623157e+308,0.0,1453.2,1453.1,1453.0,1452.9,1452.8,1453.3,1453.4,1453.5,1453.6,1453.7,16,34,37,38,38,17,31,41,42,36
20191126,09:45:02.0,2019-11-26 09:45:02,GC1912,COMEX,1453.3,0,12080,0.0,1455.1,1455.4,1452.6,1456.9,1456.9,1.7976931348623157e+308,1.7976931348623157e+308,0.0,1453.2,1453.1,1453.0,1452.9,1452.8,1453.3,1453.4,1453.5,1453.6,1453.7,16,34,37,38,38,18,31,41,42,36
20191126,09:45:03.0,2019-11-26 09:45:03,GC1912,COMEX,1453.3,0,12080,0.0,1455.1,1455.4,1452.6,1456.9,1456.9,1.7976931348623157e+308,1.7976931348623157e+308,0.0,1453.2,1453.1,1453.0,1452.9,1452.8,1453.3,1453.4,1453.5,1453.6,1453.7,8,30,37,38,38,26,31,41,42,36
20191126,09:45:04.0,2019-11-26 09:45:04,GC1912,COMEX,1453.3,0,12080,0.0,1455.1,1455.4,1452.6,1456.9,1456.9,1.7976931348623157e+308,1.7976931348623157e+308,0.0,1453.2,1453.1,1453.0,1452.9,1452.8,1453.3,1453.4,1453.5,1453.6,1453.7,8,30,37,38,38,25,31,41,42,36
20191126,09:45:05.0,2019-11-26 09:45:05,GC1912,COMEX,1453.3,0,12080,0.0,1455.1,1455.4,1452.6,1456.9,1456.9,1.7976931348623157e+308,1.7976931348623157e+308,0.0,1453.2,1453.1,1453.0,1452.9,1452.8,1453.3,1453.4,1453.5,1453.6,1453.7,15,32,37,38,39,15,35,41,42,36
20191126,09:45:06.0,2019-11-26 09:45:06,GC1912,COMEX,1453.3,0,12080,0.0,1455.1,1455.4,1452.6,1456.9,1456.9,1.7976931348623157e+308,1.7976931348623157e+308,0.0,1453.2,1453.1,1453.0,1452.9,1452.8,1453.3,1453.4,1453.5,1453.6,1453.7,10,30,37,34,43,19,35,41,42,36
20191126,09:45:07.0,2019-11-26 09:45:07,GC1912,COMEX,1453.3,0,12080,0.0,1455.1,1455.4,1452.6,1456.9,1456.9,1.7976931348623157e+308,1.7976931348623157e+308,0.0,1453.2,1453.1,1453.0,1452.9,1452.8,1453.3,1453.4,1453.5,1453.6,1453.7,18,26,29,31,36,7,26,36,35,33
20191126,09:45:08.0,2019-11-26 09:45:08,GC1912,COMEX,1453.3,0,12080,0.0,1455.1,1455.4,1452.6,1456.9,1456.9,1.7976931348623157e+308,1.7976931348623157e+308,0.0,1453.2,1453.1,1453.0,1452.9,1452.8,1453.3,1453.4,1453.5,1453.6,1453.7,5,25,27,28,37,20,26,33,33,29
20191126,09:45:09.0,2019-11-26 09:45:09,GC1912,COMEX,1453.3,0,12080,0.0,1455.1,1455.4,1452.6,1456.9,1456.9,1.7976931348623157e+308,1.7976931348623157e+308,0.0,1453.2,1453.1,1453.0,1452.9,1452.8,1453.3,1453.4,1453.5,1453.6,1453.7,6,25,27,28,37,19,26,33,33,29
20191126,09:45:10.0,2019-11-26 09:45:10,GC1912,COMEX,1453.3,0,12080,0.0,1455.1,1455.4,1452.6,1456.9,1456.9,1.7976931348623157e+308,1.7976931348623157e+308,0.0,1453.2,1453.1,1453.0,1452.9,1452.8,1453.3,1453.4,1453.5,1453.6,1453.7,5,25,27,28,37,19,26,33,33,29
20191126,09:45:11.0,2019-11-26 09:45:11,GC1912,COMEX,1453.3,0,12080,0.0,1455.1,1455.4,1452.6,1456.9,1456.9,1.7976931348623157e+308,1.7976931348623157e+308,0.0,1453.2,1453.1,1453.0,1452.9,1452.8,1453.3,1453.4,1453.5,1453.6,1453.7,7,25,27,28,37,19,26,33,33,29
20191126,09:45:12.0,2019-11-26 09:45:12,GC1912,COMEX,1453.3,0,12080,0.0,1455.1,1455.4,1452.6,1456.9,1456.9,1.7976931348623157e+308,1.7976931348623157e+308,0.0,1453.2,1453.1,1453.0,1452.9,1452.8,1453.3,1453.4,1453.5,1453.6,1453.7,6,26,29,30,39,19,26,34,35,29
20191126,09:45:13.0,2019-11-26 09:45:13,GC1912,COMEX,1453.2,0,12089,0.0,1455.1,1455.4,1452.6,1456.9,1456.9,1.7976931348623157e+308,1.7976931348623157e+308,0.0,1453.1,1453.0,1452.9,1452.8,1452.7,1453.3,1453.4,1453.5,1453.6,1453.7,21,28,34,35,31,30,28,34,35,30
20191126,09:45:14.0,2019-11-26 09:45:14,GC1912,COMEX,1453.2,0,12089,0.0,1455.1,1455.4,1452.6,1456.9,1456.9,1.7976931348623157e+308,1.7976931348623157e+308,0.0,1453.1,1453.0,1452.9,1452.8,1452.7,1453.3,1453.4,1453.5,1453.6,1453.7,23,28,34,35,31,30,28,35,35,30
20191126,09:45:15.0,2019-11-26 09:45:15,GC1912,COMEX,1453.2,0,12092,0.0,1455.1,1455.4,1452.6,1456.9,1456.9,1.7976931348623157e+308,1.7976931348623157e+308,0.0,1453.1,1453.0,1452.9,1452.8,1452.7,1453.2,1453.3,1453.4,1453.5,1453.6,17,28,30,39,31,5,32,33,33,35
20191126,09:45:17.0,2019-11-26 09:45:17,GC1912,COMEX,1453.2,0,12092,0.0,1455.1,1455.4,1452.6,1456.9,1456.9,1.7976931348623157e+308,1.7976931348623157e+308,0.0,1453.1,1453.0,1452.9,1452.8,1452.7,1453.2,1453.3,1453.4,1453.5,1453.6,22,28,30,39,31,2,29,34,33,35
20191126,09:45:18.0,2019-11-26 09:45:18,GC1912,COMEX,1453.2,0,12092,0.0,1455.1,1455.4,1452.6,1456.9,1456.9,1.7976931348623157e+308,1.7976931348623157e+308,0.0,1453.1,1453.0,1452.9,1452.8,1452.7,1453.2,1453.3,1453.4,1453.5,1453.6,14,27,29,37,30,11,28,32,32,33
20191126,09:45:19.0,2019-11-26 09:45:19,GC1912,COMEX,1453.2,0,12092,0.0,1455.1,1455.4,1452.6,1456.9,1456.9,1.7976931348623157e+308,1.7976931348623157e+308,0.0,1453.1,1453.0,1452.9,1452.8,1452.7,1453.2,1453.3,1453.4,1453.5,1453.6,19,27,29,37,30,3,27,32,32,33
20191126,09:45:20.0,2019-11-26 09:45:20,GC1912,COMEX,1453.1,0,12099,0.0,1455.1,1455.4,1452.6,1456.9,1456.9,1.7976931348623157e+308,1.7976931348623157e+308,0.0,1453.1,1453.0,1452.9,1452.8,1452.7,1453.2,1453.3,1453.4,1453.5,1453.6,2,27,23,31,26,21,25,27,26,28
20191126,09:45:20.0,2019-11-26 09:45:20,GC1912,COMEX,1453.1,0,12100,0.0,1455.1,1455.4,1452.6,1456.9,1456.9,1.7976931348623157e+308,1.7976931348623157e+308,0.0,1453.0,1452.9,1452.8,1452.7,1452.6,1453.1,1453.2,1453.3,1453.4,1453.5,21,23,31,25,27,3,24,26,27,26
20191126,09:45:21.0,2019-11-26 09:45:21,GC1912,COMEX,1453.1,0,12100,0.0,1455.1,1455.4,1452.6,1456.9,1456.9,1.7976931348623157e+308,1.7976931348623157e+308,0.0,1453.0,1452.9,1452.8,1452.7,1452.6,1453.1,1453.2,1453.3,1453.4,1453.5,21,27,27,25,27,2,24,26,26,28
20191126,09:45:22.0,2019-11-26 09:45:22,GC1912,COMEX,1453.1,0,12100,0.0,1455.1,1455.4,1452.6,1456.9,1456.9,1.7976931348623157e+308,1.7976931348623157e+308,0.0,1453.0,1452.9,1452.8,1452.7,1452.6,1453.1,1453.2,1453.3,1453.4,1453.5,26,28,29,25,28,2,24,26,28,29
20191126,09:45:23.0,2019-11-26 09:45:23,GC1912,COMEX,1453.1,0,12100,0.0,1455.1,1455.4,1452.6,1456.9,1456.9,1.7976931348623157e+308,1.7976931348623157e+308,0.0,1453.0,1452.9,1452.8,1452.7,1452.6,1453.1,1453.2,1453.3,1453.4,1453.5,16,26,29,25,28,12,26,27,28,29
20191126,09:45:24.0,2019-11-26 09:45:24,GC1912,COMEX,1453.2,0,12114,0.0,1455.1,1455.4,1452.6,1456.9,1456.9,1.7976931348623157e+308,1.7976931348623157e+308,0.0,1453.1,1453.0,1452.9,1452.8,1452.7,1453.2,1453.3,1453.4,1453.5,1453.6,49,37,24,29,25,1,25,26,29,30
20191126,09:45:25.0,2019-11-26 09:45:25,GC1912,COMEX,1453.2,0,12114,0.0,1455.1,1455.4,1452.6,1456.9,1456.9,1.7976931348623157e+308,1.7976931348623157e+308,0.0,1453.1,1453.0,1452.9,1452.8,1452.7,1453.2,1453.3,1453.4,1453.5,1453.6,48,33,28,29,25,8,25,27,29,30
20191126,09:45:26.0,2019-11-26 09:45:26,GC1912,COMEX,1453.2,0,12114,0.0,1455.1,1455.4,1452.6,1456.9,1456.9,1.7976931348623157e+308,1.7976931348623157e+308,0.0,1453.1,1453.0,1452.9,1452.8,1452.7,1453.2,1453.3,1453.4,1453.5,1453.6,48,32,28,29,25,6,25,27,29,30
20191126,09:45:26.0,2019-11-26 09:45:26,GC1912,COMEX,1453.2,0,12117,0.0,1455.1,1455.4,1452.6,1456.9,1456.9,1.7976931348623157e+308,1.7976931348623157e+308,0.0,1453.2,1453.1,1453.0,1452.9,1452.8,1453.3,1453.4,1453.5,1453.6,1453.7,1,51,33,28,29,24,24,29,30,26
20191126,09:45:27.0,2019-11-26 09:45:27,GC1912,COMEX,1453.2,0,12117,0.0,1455.1,1455.4,1452.6,1456.9,1456.9,1.7976931348623157e+308,1.7976931348623157e+308,0.0,1453.2,1453.1,1453.0,1452.9,1452.8,1453.3,1453.4,1453.5,1453.6,1453.7,1,51,33,29,29,25,24,29,30,26
20191126,09:45:27.0,2019-11-26 09:45:27,GC1912,COMEX,1453.2,0,12118,0.0,1455.1,1455.4,1452.6,1456.9,1456.9,1.7976931348623157e+308,1.7976931348623157e+308,0.0,1453.1,1453.0,1452.9,1452.8,1452.7,1453.3,1453.4,1453.5,1453.6,1453.7,48,33,29,29,25,29,25,29,30,26
20191126,09:45:29.0,2019-11-26 09:45:29,GC1912,COMEX,1453.2,0,12118,0.0,1455.1,1455.4,1452.6,1456.9,1456.9,1.7976931348623157e+308,1.7976931348623157e+308,0.0,1453.1,1453.0,1452.9,1452.8,1452.7,1453.2,1453.3,1453.4,1453.5,1453.6,47,33,29,29,25,7,29,26,29,30
20191126,09:45:29.0,2019-11-26 09:45:29,GC1912,COMEX,1453.1,0,12162,0.0,1455.1,1455.4,1452.6,1456.9,1456.9,1.7976931348623157e+308,1.7976931348623157e+308,0.0,1453.1,1453.0,1452.9,1452.8,1452.7,1453.2,1453.3,1453.4,1453.5,1453.6,5,28,29,28,25,23,29,27,29,31
20191126,09:45:30.0,2019-11-26 09:45:30,GC1912,COMEX,1453.1,0,12162,0.0,1455.1,1455.4,1452.6,1456.9,1456.9,1.7976931348623157e+308,1.7976931348623157e+308,0.0,1453.1,1453.0,1452.9,1452.8,1452.7,1453.2,1453.3,1453.4,1453.5,1453.6,9,33,25,28,25,19,30,28,27,33
20191126,09:45:31.0,2019-11-26 09:45:31,GC1912,COMEX,1453.1,0,12162,0.0,1455.1,1455.4,1452.6,1456.9,1456.9,1.7976931348623157e+308,1.7976931348623157e+308,0.0,1453.0,1452.9,1452.8,1452.7,1452.6,1453.1,1453.2,1453.3,1453.4,1453.5,30,25,28,25,32,2,26,30,28,27
20191126,09:45:32.0,2019-11-26 09:45:32,GC1912,COMEX,1453.1,0,12162,0.0,1455.1,1455.4,1452.6,1456.9,1456.9,1.7976931348623157e+308,1.7976931348623157e+308,0.0,1453.0,1452.9,1452.8,1452.7,1452.6,1453.1,1453.2,1453.3,1453.4,1453.5,16,27,28,25,28,15,28,32,29,30
20191126,09:45:33.0,2019-11-26 09:45:33,GC1912,COMEX,1453.0,0,12172,0.0,1455.1,1455.4,1452.6,1456.9,1456.9,1.7976931348623157e+308,1.7976931348623157e+308,0.0,1453.0,1452.9,1452.8,1452.7,1452.6,1453.1,1453.2,1453.3,1453.4,1453.5,4,34,28,25,31,27,29,33,29,29
20191126,09:45:33.0,2019-11-26 09:45:33,GC1912,COMEX,1453.1,0,12174,0.0,1455.1,1455.4,1452.6,1456.9,1456.9,1.7976931348623157e+308,1.7976931348623157e+308,0.0,1453.0,1452.9,1452.8,1452.7,1452.6,1453.1,1453.2,1453.3,1453.4,1453.5,4,37,28,25,31,26,29,33,29,29
20191126,09:45:33.0,2019-11-26 09:45:33,GC1912,COMEX,1453.0,0,12178,0.0,1455.1,1455.4,1452.6,1456.9,1456.9,1.7976931348623157e+308,1.7976931348623157e+308,0.0,1452.9,1452.8,1452.7,1452.6,1452.5,1453.0,1453.1,1453.2,1453.3,1453.4,37,25,25,31,41,3,29,28,34,29
20191126,09:45:34.0,2019-11-26 09:45:34,GC1912,COMEX,1453.0,0,12178,0.0,1455.1,1455.4,1452.6,1456.9,1456.9,1.7976931348623157e+308,1.7976931348623157e+308,0.0,1452.9,1452.8,1452.7,1452.6,1452.5,1453.0,1453.1,1453.2,1453.3,1453.4,21,31,25,27,41,8,31,29,33,31
20191126,09:45:34.0,2019-11-26 09:45:34,GC1912,COMEX,1452.9,0,12186,0.0,1455.1,1455.4,1452.6,1456.9,1456.9,1.7976931348623157e+308,1.7976931348623157e+308,0.0,1452.9,1452.8,1452.7,1452.6,1452.5,1453.0,1453.1,1453.2,1453.3,1453.4,11,31,25,30,40,24,33,32,33,29
20191126,09:45:35.0,2019-11-26 09:45:35,GC1912,COMEX,1453.0,0,12198,0.0,1455.1,1455.4,1452.6,1456.9,1456.9,1.7976931348623157e+308,1.7976931348623157e+308,0.0,1453.0,1452.9,1452.8,1452.7,1452.6,1453.1,1453.2,1453.3,1453.4,1453.5,5,27,37,25,26,29,29,32,32,27
20191126,09:45:35.0,2019-11-26 09:45:35,GC1912,COMEX,1453.0,0,12199,0.0,1455.1,1455.4,1452.6,1456.9,1456.9,1.7976931348623157e+308,1.7976931348623157e+308,0.0,1452.9,1452.8,1452.7,1452.6,1452.5,1453.0,1453.1,1453.2,1453.3,1453.4,28,33,25,26,40,1,28,31,32,32
20191126,09:45:35.0,2019-11-26 09:45:35,GC1912,COMEX,1453.0,0,12208,0.0,1455.1,1455.4,1452.6,1456.9,1456.9,1.7976931348623157e+308,1.7976931348623157e+308,0.0,1452.9,1452.8,1452.7,1452.6,1452.5,1453.0,1453.1,1453.2,1453.3,1453.4,27,35,25,26,40,1,27,32,32,32
20191126,09:45:36.0,2019-11-26 09:45:36,GC1912,COMEX,1453.0,0,12208,0.0,1455.1,1455.4,1452.6,1456.9,1456.9,1.7976931348623157e+308,1.7976931348623157e+308,0.0,1452.9,1452.8,1452.7,1452.6,1452.5,1453.0,1453.1,1453.2,1453.3,1453.4,24,36,25,26,40,7,28,32,32,32
20191126,09:45:36.0,2019-11-26 09:45:36,GC1912,COMEX,1453.0,0,12212,0.0,1455.1,1455.4,1452.6,1456.9,1456.9,1.7976931348623157e+308,1.7976931348623157e+308,0.0,1452.9,1452.8,1452.7,1452.6,1452.5,1453.0,1453.1,1453.2,1453.3,1453.4,25,33,31,26,40,3,25,30,33,31
20191126,09:45:37.0,2019-11-26 09:45:37,GC1912,COMEX,1453.0,0,12212,0.0,1455.1,1455.4,1452.6,1456.9,1456.9,1.7976931348623157e+308,1.7976931348623157e+308,0.0,1452.9,1452.8,1452.7,1452.6,1452.5,1453.0,1453.1,1453.2,1453.3,1453.4,25,33,29,28,40,3,27,31,33,31
20191126,09:45:38.0,2019-11-26 09:45:38,GC1912,COMEX,1453.0,0,12212,0.0,1455.1,1455.4,1452.6,1456.9,1456.9,1.7976931348623157e+308,1.7976931348623157e+308,0.0,1452.9,1452.8,1452.7,1452.6,1452.5,1453.0,1453.1,1453.2,1453.3,1453.4,18,33,29,28,40,14,29,31,33,31
20191126,09:45:39.0,2019-11-26 09:45:39,GC1912,COMEX,1453.0,0,12212,0.0,1455.1,1455.4,1452.6,1456.9,1456.9,1.7976931348623157e+308,1.7976931348623157e+308,0.0,1452.9,1452.8,1452.7,1452.6,1452.5,1453.0,1453.1,1453.2,1453.3,1453.4,23,33,26,28,44,1,26,30,33,31
20191126,09:45:40.0,2019-11-26 09:45:40,GC1912,COMEX,1453.0,0,12212,0.0,1455.1,1455.4,1452.6,1456.9,1456.9,1.7976931348623157e+308,1.7976931348623157e+308,0.0,1453.0,1452.9,1452.8,1452.7,1452.6,1453.1,1453.2,1453.3,1453.4,1453.5,12,31,33,26,28,22,30,35,29,27
20191126,09:45:41.0,2019-11-26 09:45:41,GC1912,COMEX,1453.0,0,12212,0.0,1455.1,1455.4,1452.6,1456.9,1456.9,1.7976931348623157e+308,1.7976931348623157e+308,0.0,1453.0,1452.9,1452.8,1452.7,1452.6,1453.1,1453.2,1453.3,1453.4,1453.5,7,30,33,30,26,23,30,35,29,27
20191126,09:45:42.0,2019-11-26 09:45:42,GC1912,COMEX,1453.0,0,12212,0.0,1455.1,1455.4,1452.6,1456.9,1456.9,1.7976931348623157e+308,1.7976931348623157e+308,0.0,1453.0,1452.9,1452.8,1452.7,1452.6,1453.1,1453.2,1453.3,1453.4,1453.5,19,31,33,26,30,9,28,35,29,27
20191126,09:45:43.0,2019-11-26 09:45:43,GC1912,COMEX,1453.0,0,12212,0.0,1455.1,1455.4,1452.6,1456.9,1456.9,1.7976931348623157e+308,1.7976931348623157e+308,0.0,1453.0,1452.9,1452.8,1452.7,1452.6,1453.1,1453.2,1453.3,1453.4,1453.5,18,31,33,26,30,10,28,35,29,27
20191126,09:45:43.0,2019-11-26 09:45:43,GC1912,COMEX,1453.1,0,12225,0.0,1455.1,1455.4,1452.6,1456.9,1456.9,1.7976931348623157e+308,1.7976931348623157e+308,0.0,1453.0,1452.9,1452.8,1452.7,1452.6,1453.2,1453.3,1453.4,1453.5,1453.6,27,32,34,30,26,24,32,30,27,29
20191126,09:45:44.0,2019-11-26 09:45:44,GC1912,COMEX,1453.1,0,12225,0.0,1455.1,1455.4,1452.6,1456.9,1456.9,1.7976931348623157e+308,1.7976931348623157e+308,0.0,1453.1,1453.0,1452.9,1452.8,1452.7,1453.2,1453.3,1453.4,1453.5,1453.6,20,35,32,34,30,8,31,30,27,29
20191126,09:45:45.0,2019-11-26 09:45:45,GC1912,COMEX,1453.1,0,12225,0.0,1455.1,1455.4,1452.6,1456.9,1456.9,1.7976931348623157e+308,1.7976931348623157e+308,0.0,1453.1,1453.0,1452.9,1452.8,1452.7,1453.2,1453.3,1453.4,1453.5,1453.6,18,36,32,34,30,15,31,30,27,29
20191126,09:45:46.0,2019-11-26 09:45:46,GC1912,COMEX,1453.1,0,12225,0.0,1455.1,1455.4,1452.6,1456.9,1456.9,1.7976931348623157e+308,1.7976931348623157e+308,0.0,1453.1,1453.0,1452.9,1452.8,1452.7,1453.2,1453.3,1453.4,1453.5,1453.6,18,36,32,34,30,14,31,30,27,30
20191126,09:45:47.0,2019-11-26 09:45:47,GC1912,COMEX,1453.1,0,12225,0.0,1455.1,1455.4,1452.6,1456.9,1456.9,1.7976931348623157e+308,1.7976931348623157e+308,0.0,1453.1,1453.0,1452.9,1452.8,1452.7,1453.2,1453.3,1453.4,1453.5,1453.6,18,36,32,34,30,15,31,30,27,30
20191126,09:45:48.0,2019-11-26 09:45:48,GC1912,COMEX,1453.1,0,12225,0.0,1455.1,1455.4,1452.6,1456.9,1456.9,1.7976931348623157e+308,1.7976931348623157e+308,0.0,1453.1,1453.0,1452.9,1452.8,1452.7,1453.2,1453.3,1453.4,1453.5,1453.6,18,35,32,34,30,10,31,30,27,30
20191126,09:45:49.0,2019-11-26 09:45:49,GC1912,COMEX,1453.1,0,12225,0.0,1455.1,1455.4,1452.6,1456.9,1456.9,1.7976931348623157e+308,1.7976931348623157e+308,0.0,1453.1,1453.0,1452.9,1452.8,1452.7,1453.2,1453.3,1453.4,1453.5,1453.6,11,35,32,34,26,18,31,30,27,30
20191126,09:45:50.0,2019-11-26 09:45:50,GC1912,COMEX,1453.1,0,12225,0.0,1455.1,1455.4,1452.6,1456.9,1456.9,1.7976931348623157e+308,1.7976931348623157e+308,0.0,1453.1,1453.0,1452.9,1452.8,1452.7,1453.2,1453.3,1453.4,1453.5,1453.6,14,35,33,34,30,16,31,30,27,30
20191126,09:45:51.0,2019-11-26 09:45:51,GC1912,COMEX,1453.1,0,12225,0.0,1455.1,1455.4,1452.6,1456.9,1456.9,1.7976931348623157e+308,1.7976931348623157e+308,0.0,1453.1,1453.0,1452.9,1452.8,1452.7,1453.2,1453.3,1453.4,1453.5,1453.6,12,35,33,34,26,18,31,30,27,30
20191126,09:45:52.0,2019-11-26 09:45:52,GC1912,COMEX,1453.1,0,12225,0.0,1455.1,1455.4,1452.6,1456.9,1456.9,1.7976931348623157e+308,1.7976931348623157e+308,0.0,1453.1,1453.0,1452.9,1452.8,1452.7,1453.2,1453.3,1453.4,1453.5,1453.6,16,32,33,34,30,16,29,32,27,30
20191126,09:45:53.0,2019-11-26 09:45:53,GC1912,COMEX,1453.1,0,12225,0.0,1455.1,1455.4,1452.6,1456.9,1456.9,1.7976931348623157e+308,1.7976931348623157e+308,0.0,1453.1,1453.0,1452.9,1452.8,1452.7,1453.2,1453.3,1453.4,1453.5,1453.6,15,32,33,34,30,16,31,30,27,30
20191126,09:45:54.0,2019-11-26 09:45:54,GC1912,COMEX,1453.2,0,12230,0.0,1455.1,1455.4,1452.6,1456.9,1456.9,1.7976931348623157e+308,1.7976931348623157e+308,0.0,1453.1,1453.0,1452.9,1452.8,1452.7,1453.2,1453.3,1453.4,1453.5,1453.6,28,32,33,34,30,8,31,30,27,30
20191126,09:45:55.0,2019-11-26 09:45:55,GC1912,COMEX,1453.2,0,12230,0.0,1455.1,1455.4,1452.6,1456.9,1456.9,1.7976931348623157e+308,1.7976931348623157e+308,0.0,1453.1,1453.0,1452.9,1452.8,1452.7,1453.2,1453.3,1453.4,1453.5,1453.6,28,32,33,34,30,7,29,32,27,30
20191126,09:45:56.0,2019-11-26 09:45:56,GC1912,COMEX,1453.2,0,12230,0.0,1455.1,1455.4,1452.6,1456.9,1456.9,1.7976931348623157e+308,1.7976931348623157e+308,0.0,1453.1,1453.0,1452.9,1452.8,1452.7,1453.2,1453.3,1453.4,1453.5,1453.6,11,32,33,34,30,17,31,30,27,30
20191126,09:45:57.0,2019-11-26 09:45:57,GC1912,COMEX,1453.2,0,12230,0.0,1455.1,1455.4,1452.6,1456.9,1456.9,1.7976931348623157e+308,1.7976931348623157e+308,0.0,1453.1,1453.0,1452.9,1452.8,1452.7,1453.2,1453.3,1453.4,1453.5,1453.6,15,32,33,34,30,15,31,30,27,30
20191126,09:45:59.0,2019-11-26 09:45:59,GC1912,COMEX,1453.1,0,12233,0.0,1455.1,1455.4,1452.6,1456.9,1456.9,1.7976931348623157e+308,1.7976931348623157e+308,0.0,1453.1,1453.0,1452.9,1452.8,1452.7,1453.2,1453.3,1453.4,1453.5,1453.6,9,32,33,34,30,20,29,32,27,30
20191126,09:46:00.0,2019-11-26 09:46:00,GC1912,COMEX,1453.1,0,12233,0.0,1455.1,1455.4,1452.6,1456.9,1456.9,1.7976931348623157e+308,1.7976931348623157e+308,0.0,1453.1,1453.0,1452.9,1452.8,1452.7,1453.2,1453.3,1453.4,1453.5,1453.6,10,32,33,34,30,20,29,32,27,30
20191126,09:46:01.0,2019-11-26 09:46:01,GC1912,COMEX,1453.1,0,12233,0.0,1455.1,1455.4,1452.6,1456.9,1456.9,1.7976931348623157e+308,1.7976931348623157e+308,0.0,1453.1,1453.0,1452.9,1452.8,1452.7,1453.2,1453.3,1453.4,1453.5,1453.6,23,32,33,38,26,9,29,32,27,30
20191126,09:46:02.0,2019-11-26 09:46:02,GC1912,COMEX,1453.1,0,12233,0.0,1455.1,1455.4,1452.6,1456.9,1456.9,1.7976931348623157e+308,1.7976931348623157e+308,0.0,1453.1,1453.0,1452.9,1452.8,1452.7,1453.2,1453.3,1453.4,1453.5,1453.6,17,32,33,34,30,16,29,32,27,30
20191126,09:46:03.0,2019-11-26 09:46:03,GC1912,COMEX,1453.1,0,12233,0.0,1455.1,1455.4,1452.6,1456.9,1456.9,1.7976931348623157e+308,1.7976931348623157e+308,0.0,1453.1,1453.0,1452.9,1452.8,1452.7,1453.2,1453.3,1453.4,1453.5,1453.6,19,32,33,38,26,15,29,32,27,30
20191126,09:46:04.0,2019-11-26 09:46:04,GC1912,COMEX,1453.1,0,12233,0.0,1455.1,1455.4,1452.6,1456.9,1456.9,1.7976931348623157e+308,1.7976931348623157e+308,0.0,1453.1,1453.0,1452.9,1452.8,1452.7,1453.2,1453.3,1453.4,1453.5,1453.6,20,32,33,38,26,9,29,32,27,30
20191126,09:46:04.0,2019-11-26 09:46:04,GC1912,COMEX,1453.2,0,12271,0.0,1455.1,1455.4,1452.6,1456.9,1456.9,1.7976931348623157e+308,1.7976931348623157e+308,0.0,1453.1,1453.0,1452.9,1452.8,1452.7,1453.2,1453.3,1453.4,1453.5,1453.6,19,31,33,39,26,7,29,31,28,29
20191126,09:46:05.0,2019-11-26 09:46:05,GC1912,COMEX,1453.2,0,12271,0.0,1455.1,1455.4,1452.6,1456.9,1456.9,1.7976931348623157e+308,1.7976931348623157e+308,0.0,1453.1,1453.0,1452.9,1452.8,1452.7,1453.2,1453.3,1453.4,1453.5,1453.6,16,34,33,38,26,12,30,30,28,29
20191126,09:46:06.0,2019-11-26 09:46:06,GC1912,COMEX,1453.2,0,12271,0.0,1455.1,1455.4,1452.6,1456.9,1456.9,1.7976931348623157e+308,1.7976931348623157e+308,0.0,1453.1,1453.0,1452.9,1452.8,1452.7,1453.2,1453.3,1453.4,1453.5,1453.6,13,34,33,38,26,16,30,30,28,29
20191126,09:46:07.0,2019-11-26 09:46:07,GC1912,COMEX,1453.2,0,12271,0.0,1455.1,1455.4,1452.6,1456.9,1456.9,1.7976931348623157e+308,1.7976931348623157e+308,0.0,1453.1,1453.0,1452.9,1452.8,1452.7,1453.2,1453.3,1453.4,1453.5,1453.6,16,34,33,38,26,16,30,31,27,29
20191126,09:46:08.0,2019-11-26 09:46:08,GC1912,COMEX,1453.2,0,12271,0.0,1455.1,1455.4,1452.6,1456.9,1456.9,1.7976931348623157e+308,1.7976931348623157e+308,0.0,1453.1,1453.0,1452.9,1452.8,1452.7,1453.2,1453.3,1453.4,1453.5,1453.6,16,34,33,38,26,16,30,31,27,29
20191126,09:46:10.0,2019-11-26 09:46:10,GC1912,COMEX,1453.2,0,12271,0.0,1455.1,1455.4,1452.6,1456.9,1456.9,1.7976931348623157e+308,1.7976931348623157e+308,0.0,1453.1,1453.0,1452.9,1452.8,1452.7,1453.2,1453.3,1453.4,1453.5,1453.6,12,35,37,34,26,18,30,29,29,29
20191126,09:46:11.0,2019-11-26 09:46:11,GC1912,COMEX,1453.2,0,12271,0.0,1455.1,1455.4,1452.6,1456.9,1456.9,1.7976931348623157e+308,1.7976931348623157e+308,0.0,1453.1,1453.0,1452.9,1452.8,1452.7,1453.2,1453.3,1453.4,1453.5,1453.6,12,35,37,34,26,19,29,29,29,29
20191126,09:46:13.0,2019-11-26 09:46:13,GC1912,COMEX,1453.2,0,12271,0.0,1455.1,1455.4,1452.6,1456.9,1456.9,1.7976931348623157e+308,1.7976931348623157e+308,0.0,1453.1,1453.0,1452.9,1452.8,1452.7,1453.2,1453.3,1453.4,1453.5,1453.6,5,28,37,34,26,24,29,29,29,29
20191126,09:46:13.0,2019-11-26 09:46:13,GC1912,COMEX,1453.2,0,12297,0.0,1455.1,1455.4,1452.6,1456.9,1456.9,1.7976931348623157e+308,1.7976931348623157e+308,0.0,1453.1,1453.0,1452.9,1452.8,1452.7,1453.2,1453.3,1453.4,1453.5,1453.6,12,31,37,34,25,14,31,29,29,29
20191126,09:46:14.0,2019-11-26 09:46:14,GC1912,COMEX,1453.2,0,12297,0.0,1455.1,1455.4,1452.6,1456.9,1456.9,1.7976931348623157e+308,1.7976931348623157e+308,0.0,1453.1,1453.0,1452.9,1452.8,1452.7,1453.2,1453.3,1453.4,1453.5,1453.6,12,32,33,38,25,16,33,29,27,29
20191126,09:46:15.0,2019-11-26 09:46:15,GC1912,COMEX,1453.2,0,12297,0.0,1455.1,1455.4,1452.6,1456.9,1456.9,1.7976931348623157e+308,1.7976931348623157e+308,0.0,1453.1,1453.0,1452.9,1452.8,1452.7,1453.2,1453.3,1453.4,1453.5,1453.6,8,32,33,34,29,16,33,29,27,29
20191126,09:46:15.0,2019-11-26 09:46:15,GC1912,COMEX,1453.1,0,12304,0.0,1455.1,1455.4,1452.6,1456.9,1456.9,1.7976931348623157e+308,1.7976931348623157e+308,0.0,1453.0,1452.9,1452.8,1452.7,1452.6,1453.1,1453.2,1453.3,1453.4,1453.5,24,32,38,25,26,3,26,35,29,27
20191126,09:46:16.0,2019-11-26 09:46:16,GC1912,COMEX,1453.1,0,12304,0.0,1455.1,1455.4,1452.6,1456.9,1456.9,1.7976931348623157e+308,1.7976931348623157e+308,0.0,1453.0,1452.9,1452.8,1452.7,1452.6,1453.2,1453.3,1453.4,1453.5,1453.6,26,33,40,25,26,28,35,29,27,29
20191126,09:46:17.0,2019-11-26 09:46:17,GC1912,COMEX,1453.1,0,12304,0.0,1455.1,1455.4,1452.6,1456.9,1456.9,1.7976931348623157e+308,1.7976931348623157e+308,0.0,1453.1,1453.0,1452.9,1452.8,1452.7,1453.2,1453.3,1453.4,1453.5,1453.6,3,26,33,38,25,27,33,31,27,29
20191126,09:46:17.0,2019-11-26 09:46:17,GC1912,COMEX,1453.2,0,12323,0.0,1455.1,1455.4,1452.6,1456.9,1456.9,1.7976931348623157e+308,1.7976931348623157e+308,0.0,1453.1,1453.0,1452.9,1452.8,1452.7,1453.2,1453.3,1453.4,1453.5,1453.6,13,31,33,38,25,17,31,31,27,29
20191126,09:46:18.0,2019-11-26 09:46:18,GC1912,COMEX,1453.2,0,12323,0.0,1455.1,1455.4,1452.6,1456.9,1456.9,1.7976931348623157e+308,1.7976931348623157e+308,0.0,1453.1,1453.0,1452.9,1452.8,1452.7,1453.2,1453.3,1453.4,1453.5,1453.6,14,31,33,38,25,18,31,31,27,29
20191126,09:46:19.0,2019-11-26 09:46:19,GC1912,COMEX,1453.1,0,12329,0.0,1455.1,1455.4,1452.6,1456.9,1456.9,1.7976931348623157e+308,1.7976931348623157e+308,0.0,1453.0,1452.9,1452.8,1452.7,1452.6,1453.1,1453.2,1453.3,1453.4,1453.5,20,33,38,25,26,14,30,33,31,27
20191126,09:46:20.0,2019-11-26 09:46:20,GC1912,COMEX,1453.1,0,12329,0.0,1455.1,1455.4,1452.6,1456.9,1456.9,1.7976931348623157e+308,1.7976931348623157e+308,0.0,1453.0,1452.9,1452.8,1452.7,1452.6,1453.1,1453.2,1453.3,1453.4,1453.5,22,36,34,25,26,4,29,33,29,29
20191126,09:46:21.0,2019-11-26 09:46:21,GC1912,COMEX,1453.1,0,12329,0.0,1455.1,1455.4,1452.6,1456.9,1456.9,1.7976931348623157e+308,1.7976931348623157e+308,0.0,1453.0,1452.9,1452.8,1452.7,1452.6,1453.1,1453.2,1453.3,1453.4,1453.5,22,32,34,29,26,8,28,35,29,27
20191126,09:46:22.0,2019-11-26 09:46:22,GC1912,COMEX,1453.1,0,12329,0.0,1455.1,1455.4,1452.6,1456.9,1456.9,1.7976931348623157e+308,1.7976931348623157e+308,0.0,1453.0,1452.9,1452.8,1452.7,1452.6,1453.1,1453.2,1453.3,1453.4,1453.5,19,32,35,29,26,16,28,35,29,27
20191126,09:46:23.0,2019-11-26 09:46:23,GC1912,COMEX,1453.0,0,12349,0.0,1455.1,1455.4,1452.6,1456.9,1456.9,1.7976931348623157e+308,1.7976931348623157e+308,0.0,1452.9,1452.8,1452.7,1452.6,1452.5,1453.0,1453.1,1453.2,1453.3,1453.4,29,33,29,24,37,3,24,30,35,29
20191126,09:46:23.0,2019-11-26 09:46:23,GC1912,COMEX,1453.0,0,12351,0.0,1455.1,1455.4,1452.6,1456.9,1456.9,1.7976931348623157e+308,1.7976931348623157e+308,0.0,1453.0,1452.9,1452.8,1452.7,1452.6,1453.1,1453.2,1453.3,1453.4,1453.5,4,29,33,25,29,23,30,33,29,27
20191126,09:46:24.0,2019-11-26 09:46:24,GC1912,COMEX,1452.9,0,12354,0.0,1455.1,1455.4,1452.6,1456.9,1456.9,1.7976931348623157e+308,1.7976931348623157e+308,0.0,1452.9,1452.8,1452.7,1452.6,1452.5,1453.0,1453.1,1453.2,1453.3,1453.4,3,28,25,28,37,22,27,33,33,29
20191126,09:46:24.0,2019-11-26 09:46:24,GC1912,COMEX,1452.8,0,12380,0.0,1455.1,1455.4,1452.6,1456.9,1456.9,1.7976931348623157e+308,1.7976931348623157e+308,0.0,1452.7,1452.6,1452.5,1452.4,1452.3,1452.8,1452.9,1453.0,1453.1,1453.2,24,22,43,27,22,8,26,29,31,30
20191126,09:46:25.0,2019-11-26 09:46:25,GC1912,COMEX,1452.7,0,12416,0.0,1455.1,1455.4,1452.6,1456.9,1456.9,1.7976931348623157e+308,1.7976931348623157e+308,0.0,1452.6,1452.5,1452.4,1452.3,1452.2,1452.7,1452.8,1452.9,1453.0,1453.1,25,41,28,22,76,4,27,28,29,30
20191126,09:46:25.0,2019-11-26 09:46:25,GC1912,COMEX,1452.7,0,12446,0.0,1455.1,1455.4,1452.6,1456.9,1456.9,1.7976931348623157e+308,1.7976931348623157e+308,0.0,1452.6,1452.5,1452.4,1452.3,1452.2,1452.7,1452.8,1452.9,1453.0,1453.1,24,38,23,29,76,4,26,29,30,29
20191126,09:46:26.0,2019-11-26 09:46:26,GC1912,COMEX,1452.5,0,12532,0.0,1455.1,1455.4,1452.4,1456.9,1456.9,1.7976931348623157e+308,1.7976931348623157e+308,0.0,1452.5,1452.4,1452.3,1452.2,1452.1,1452.6,1452.7,1452.8,1452.9,1453.0,3,27,24,82,22,25,30,34,28,28
20191126,09:46:26.0,2019-11-26 09:46:26,GC1912,COMEX,1452.5,0,12562,0.0,1455.1,1455.4,1452.4,1456.9,1456.9,1.7976931348623157e+308,1.7976931348623157e+308,0.0,1452.5,1452.4,1452.3,1452.2,1452.1,1452.6,1452.7,1452.8,1452.9,1453.0,25,29,24,82,23,3,27,33,30,28
20191126,09:46:26.0,2019-11-26 09:46:26,GC1912,COMEX,1452.6,0,12599,0.0,1455.1,1455.4,1452.4,1456.9,1456.9,1.7976931348623157e+308,1.7976931348623157e+308,0.0,1452.6,1452.5,1452.4,1452.3,1452.2,1452.7,1452.8,1452.9,1453.0,1453.1,10,28,35,24,79,21,31,30,30,28
20191126,09:46:26.0,2019-11-26 09:46:26,GC1912,COMEX,1452.6,0,12607,0.0,1455.1,1455.4,1452.4,1456.9,1456.9,1.7976931348623157e+308,1.7976931348623157e+308,0.0,1452.5,1452.4,1452.3,1452.2,1452.1,1452.6,1452.7,1452.8,1452.9,1453.0,24,35,24,79,22,2,29,32,28,31
20191126,09:46:26.0,2019-11-26 09:46:26,GC1912,COMEX,1452.6,0,12610,0.0,1455.1,1455.4,1452.4,1456.9,1456.9,1.7976931348623157e+308,1.7976931348623157e+308,0.0,1452.5,1452.4,1452.3,1452.2,1452.1,1452.6,1452.7,1452.8,1452.9,1453.0,25,35,24,79,22,6,30,34,30,29
20191126,09:46:27.0,2019-11-26 09:46:27,GC1912,COMEX,1452.6,0,12621,0.0,1455.1,1455.4,1452.4,1456.9,1456.9,1.7976931348623157e+308,1.7976931348623157e+308,0.0,1452.6,1452.5,1452.4,1452.3,1452.2,1452.7,1452.8,1452.9,1453.0,1453.1,7,31,34,24,79,27,31,31,29,27
20191126,09:46:27.0,2019-11-26 09:46:27,GC1912,COMEX,1452.6,0,12629,0.0,1455.1,1455.4,1452.4,1456.9,1456.9,1.7976931348623157e+308,1.7976931348623157e+308,0.0,1452.6,1452.5,1452.4,1452.3,1452.2,1452.7,1452.8,1452.9,1453.0,1453.1,7,30,34,24,79,28,30,31,27,29
20191126,09:46:27.0,2019-11-26 09:46:27,GC1912,COMEX,1452.6,0,12638,0.0,1455.1,1455.4,1452.4,1456.9,1456.9,1.7976931348623157e+308,1.7976931348623157e+308,0.0,1452.6,1452.5,1452.4,1452.3,1452.2,1452.7,1452.8,1452.9,1453.0,1453.1,2,30,34,24,80,25,30,33,27,29
20191126,09:46:27.0,2019-11-26 09:46:27,GC1912,COMEX,1452.6,0,12639,0.0,1455.1,1455.4,1452.4,1456.9,1456.9,1.7976931348623157e+308,1.7976931348623157e+308,0.0,1452.5,1452.4,1452.3,1452.2,1452.1,1452.7,1452.8,1452.9,1453.0,1453.1,30,34,24,80,22,27,27,33,27,29
20191126,09:46:28.0,2019-11-26 09:46:28,GC1912,COMEX,1452.4,0,12692,0.0,1455.1,1455.4,1452.4,1456.9,1456.9,1.7976931348623157e+308,1.7976931348623157e+308,0.0,1452.4,1452.3,1452.2,1452.1,1452.0,1452.5,1452.6,1452.7,1452.8,1452.9,17,31,70,29,36,17,29,30,28,27
20191126,09:46:28.0,2019-11-26 09:46:28,GC1912,COMEX,1452.5,0,12704,0.0,1455.1,1455.4,1452.4,1456.9,1456.9,1.7976931348623157e+308,1.7976931348623157e+308,0.0,1452.5,1452.4,1452.3,1452.2,1452.1,1452.6,1452.7,1452.8,1452.9,1453.0,3,31,37,71,29,21,30,32,29,28
20191126,09:46:28.0,2019-11-26 09:46:28,GC1912,COMEX,1452.4,0,12720,0.0,1455.1,1455.4,1452.4,1456.9,1456.9,1.7976931348623157e+308,1.7976931348623157e+308,0.0,1452.4,1452.3,1452.2,1452.1,1452.0,1452.5,1452.6,1452.7,1452.8,1452.9,29,37,71,29,36,6,29,31,30,27
20191126,09:46:29.0,2019-11-26 09:46:29,GC1912,COMEX,1452.5,0,12741,0.0,1455.1,1455.4,1452.4,1456.9,1456.9,1.7976931348623157e+308,1.7976931348623157e+308,0.0,1452.4,1452.3,1452.2,1452.1,1452.0,1452.6,1452.7,1452.8,1452.9,1453.0,28,37,71,29,36,27,32,30,29,27
20191126,09:46:29.0,2019-11-26 09:46:29,GC1912,COMEX,1452.4,0,12753,0.0,1455.1,1455.4,1452.4,1456.9,1456.9,1.7976931348623157e+308,1.7976931348623157e+308,0.0,1452.4,1452.3,1452.2,1452.1,1452.0,1452.5,1452.6,1452.7,1452.8,1452.9,17,36,71,29,36,20,28,34,30,29
20191126,09:46:29.0,2019-11-26 09:46:29,GC1912,COMEX,1452.4,0,12778,0.0,1455.1,1455.4,1452.4,1456.9,1456.9,1.7976931348623157e+308,1.7976931348623157e+308,0.0,1452.3,1452.2,1452.1,1452.0,1451.9,1452.4,1452.5,1452.6,1452.7,1452.8,26,72,27,36,16,16,27,29,31,29
20191126,09:46:29.0,2019-11-26 09:46:29,GC1912,COMEX,1452.4,0,12779,0.0,1455.1,1455.4,1452.4,1456.9,1456.9,1.7976931348623157e+308,1.7976931348623157e+308,0.0,1452.3,1452.2,1452.1,1452.0,1451.9,1452.4,1452.5,1452.6,1452.7,1452.8,14,72,31,36,16,21,27,30,31,31
20191126,09:46:30.0,2019-11-26 09:46:30,GC1912,COMEX,1452.3,0,12810,0.0,1455.1,1455.4,1452.3,1456.9,1456.9,1.7976931348623157e+308,1.7976931348623157e+308,0.0,1452.3,1452.2,1452.1,1452.0,1451.9,1452.4,1452.5,1452.6,1452.7,1452.8,14,77,27,43,16,11,26,31,33,29
20191126,09:46:30.0,2019-11-26 09:46:30,GC1912,COMEX,1452.3,0,12813,0.0,1455.1,1455.4,1452.3,1456.9,1456.9,1.7976931348623157e+308,1.7976931348623157e+308,0.0,1452.3,1452.2,1452.1,1452.0,1451.9,1452.4,1452.5,1452.6,1452.7,1452.8,3,77,27,43,15,18,27,34,33,30
20191126,09:46:30.0,2019-11-26 09:46:30,GC1912,COMEX,1452.3,0,12827,0.0,1455.1,1455.4,1452.3,1456.9,1456.9,1.7976931348623157e+308,1.7976931348623157e+308,0.0,1452.3,1452.2,1452.1,1452.0,1451.9,1452.4,1452.5,1452.6,1452.7,1452.8,7,74,25,47,15,24,28,36,31,29
20191126,09:46:31.0,2019-11-26 09:46:31,GC1912,COMEX,1452.3,0,12845,0.0,1455.1,1455.4,1452.3,1456.9,1456.9,1.7976931348623157e+308,1.7976931348623157e+308,0.0,1452.3,1452.2,1452.1,1452.0,1451.9,1452.4,1452.5,1452.6,1452.7,1452.8,3,74,25,43,21,19,32,34,31,28
20191126,09:46:31.0,2019-11-26 09:46:31,GC1912,COMEX,1452.4,0,12846,0.0,1455.1,1455.4,1452.3,1456.9,1456.9,1.7976931348623157e+308,1.7976931348623157e+308,0.0,1452.3,1452.2,1452.1,1452.0,1451.9,1452.4,1452.5,1452.6,1452.7,1452.8,9,75,25,43,21,19,32,33,31,28
20191126,09:46:31.0,2019-11-26 09:46:31,GC1912,COMEX,1452.4,0,12849,0.0,1455.1,1455.4,1452.3,1456.9,1456.9,1.7976931348623157e+308,1.7976931348623157e+308,0.0,1452.4,1452.3,1452.2,1452.1,1452.0,1452.5,1452.6,1452.7,1452.8,1452.9,6,24,76,25,47,21,33,34,28,28
20191126,09:46:31.0,2019-11-26 09:46:31,GC1912,COMEX,1452.4,0,12860,0.0,1455.1,1455.4,1452.3,1456.9,1456.9,1.7976931348623157e+308,1.7976931348623157e+308,0.0,1452.3,1452.2,1452.1,1452.0,1451.9,1452.5,1452.6,1452.7,1452.8,1452.9,24,80,25,43,16,24,32,33,30,28
20191126,09:46:32.0,2019-11-26 09:46:32,GC1912,COMEX,1452.4,0,12872,0.0,1455.1,1455.4,1452.3,1456.9,1456.9,1.7976931348623157e+308,1.7976931348623157e+308,0.0,1452.3,1452.2,1452.1,1452.0,1451.9,1452.4,1452.5,1452.6,1452.7,1452.8,16,79,25,43,16,8,27,31,33,30
20191126,09:46:32.0,2019-11-26 09:46:32,GC1912,COMEX,1452.1,0,13105,0.0,1455.1,1455.4,1452.0,1456.9,1456.9,1.7976931348623157e+308,1.7976931348623157e+308,0.0,1452.0,1451.9,1451.8,1451.7,1451.6,1452.1,1452.2,1452.3,1452.4,1452.5,32,20,41,22,29,9,30,29,41,27
20191126,09:46:32.0,2019-11-26 09:46:32,GC1912,COMEX,1452.1,0,13131,0.0,1455.1,1455.4,1452.0,1456.9,1456.9,1.7976931348623157e+308,1.7976931348623157e+308,0.0,1452.0,1451.9,1451.8,1451.7,1451.6,1452.1,1452.2,1452.3,1452.4,1452.5,14,19,41,22,28,21,29,33,39,27
20191126,09:46:32.0,2019-11-26 09:46:32,GC1912,COMEX,1452.0,0,13305,0.0,1455.1,1455.4,1452.0,1456.9,1456.9,1.7976931348623157e+308,1.7976931348623157e+308,0.0,1452.0,1451.9,1451.8,1451.7,1451.6,1452.1,1452.2,1452.3,1452.4,1452.5,21,23,37,23,28,14,22,37,40,29
20191126,09:46:33.0,2019-11-26 09:46:33,GC1912,COMEX,1452.2,0,13331,0.0,1455.1,1455.4,1452.0,1456.9,1456.9,1.7976931348623157e+308,1.7976931348623157e+308,0.0,1452.1,1452.0,1451.9,1451.8,1451.7,1452.3,1452.4,1452.5,1452.6,1452.7,24,30,24,37,23,31,39,29,31,28
20191126,09:46:33.0,2019-11-26 09:46:33,GC1912,COMEX,1452.1,0,13351,0.0,1455.1,1455.4,1452.0,1456.9,1456.9,1.7976931348623157e+308,1.7976931348623157e+308,0.0,1452.1,1452.0,1451.9,1451.8,1451.7,1452.2,1452.3,1452.4,1452.5,1452.6,15,30,24,36,23,12,30,39,30,31
20191126,09:46:33.0,2019-11-26 09:46:33,GC1912,COMEX,1452.2,0,13362,0.0,1455.1,1455.4,1452.0,1456.9,1456.9,1.7976931348623157e+308,1.7976931348623157e+308,0.0,1452.2,1452.1,1452.0,1451.9,1451.8,1452.3,1452.4,1452.5,1452.6,1452.7,5,25,32,24,36,20,43,30,31,34
20191126,09:46:34.0,2019-11-26 09:46:34,GC1912,COMEX,1452.1,0,13377,0.0,1455.1,1455.4,1452.0,1456.9,1456.9,1.7976931348623157e+308,1.7976931348623157e+308,0.0,1452.1,1452.0,1451.9,1451.8,1451.7,1452.2,1452.3,1452.4,1452.5,1452.6,2,26,24,36,23,21,32,40,28,32
20191126,09:46:34.0,2019-11-26 09:46:34,GC1912,COMEX,1452.2,0,13388,0.0,1455.1,1455.4,1452.0,1456.9,1456.9,1.7976931348623157e+308,1.7976931348623157e+308,0.0,1452.1,1452.0,1451.9,1451.8,1451.7,1452.3,1452.4,1452.5,1452.6,1452.7,27,29,26,37,23,29,40,29,31,33
20191126,09:46:34.0,2019-11-26 09:46:34,GC1912,COMEX,1452.1,0,13396,0.0,1455.1,1455.4,1452.0,1456.9,1456.9,1.7976931348623157e+308,1.7976931348623157e+308,0.0,1452.1,1452.0,1451.9,1451.8,1451.7,1452.2,1452.3,1452.4,1452.5,1452.6,15,28,25,37,23,10,30,39,29,31
20191126,09:46:35.0,2019-11-26 09:46:35,GC1912,COMEX,1452.2,0,13407,0.0,1455.1,1455.4,1452.0,1456.9,1456.9,1.7976931348623157e+308,1.7976931348623157e+308,0.0,1452.1,1452.0,1451.9,1451.8,1451.7,1452.2,1452.3,1452.4,1452.5,1452.6,29,29,25,37,25,1,25,43,29,31
20191126,09:46:35.0,2019-11-26 09:46:35,GC1912,COMEX,1452.2,0,13417,0.0,1455.1,1455.4,1452.0,1456.9,1456.9,1.7976931348623157e+308,1.7976931348623157e+308,0.0,1452.2,1452.1,1452.0,1451.9,1451.8,1452.3,1452.4,1452.5,1452.6,1452.7,8,29,30,26,38,18,42,30,31,34
20191126,09:46:35.0,2019-11-26 09:46:35,GC1912,COMEX,1452.2,0,13419,0.0,1455.1,1455.4,1452.0,1456.9,1456.9,1.7976931348623157e+308,1.7976931348623157e+308,0.0,1452.1,1452.0,1451.9,1451.8,1451.7,1452.2,1452.3,1452.4,1452.5,1452.6,26,28,26,38,23,2,25,42,30,31
20191126,09:46:35.0,2019-11-26 09:46:35,GC1912,COMEX,1452.3,0,13425,0.0,1455.1,1455.4,1452.0,1456.9,1456.9,1.7976931348623157e+308,1.7976931348623157e+308,0.0,1452.2,1452.1,1452.0,1451.9,1451.8,1452.3,1452.4,1452.5,1452.6,1452.7,18,28,30,26,37,12,41,30,31,34
20191126,09:46:35.0,2019-11-26 09:46:35,GC1912,COMEX,1452.3,0,13426,0.0,1455.1,1455.4,1452.0,1456.9,1456.9,1.7976931348623157e+308,1.7976931348623157e+308,0.0,1452.2,1452.1,1452.0,1451.9,1451.8,1452.3,1452.4,1452.5,1452.6,1452.7,15,28,30,26,38,15,41,30,31,35
20191126,09:46:36.0,2019-11-26 09:46:36,GC1912,COMEX,1452.3,0,13431,0.0,1455.1,1455.4,1452.0,1456.9,1456.9,1.7976931348623157e+308,1.7976931348623157e+308,0.0,1452.2,1452.1,1452.0,1451.9,1451.8,1452.3,1452.4,1452.5,1452.6,1452.7,20,29,30,26,38,9,38,29,31,35
20191126,09:46:36.0,2019-11-26 09:46:36,GC1912,COMEX,1452.3,0,13443,0.0,1455.1,1455.4,1452.0,1456.9,1456.9,1.7976931348623157e+308,1.7976931348623157e+308,0.0,1452.3,1452.2,1452.1,1452.0,1451.9,1452.4,1452.5,1452.6,1452.7,1452.8,1,28,31,29,26,25,27,33,35,30
20191126,09:46:36.0,2019-11-26 09:46:36,GC1912,COMEX,1452.3,0,13445,0.0,1455.1,1455.4,1452.0,1456.9,1456.9,1.7976931348623157e+308,1.7976931348623157e+308,0.0,1452.2,1452.1,1452.0,1451.9,1451.8,1452.3,1452.4,1452.5,1452.6,1452.7,22,31,30,27,37,6,28,27,34,33
20191126,09:46:37.0,2019-11-26 09:46:37,GC1912,COMEX,1452.2,0,13460,0.0,1455.1,1455.4,1452.0,1456.9,1456.9,1.7976931348623157e+308,1.7976931348623157e+308,0.0,1452.1,1452.0,1451.9,1451.8,1451.7,1452.2,1452.3,1452.4,1452.5,1452.6,29,33,26,37,23,9,29,33,28,32
20191126,09:46:37.0,2019-11-26 09:46:37,GC1912,COMEX,1452.2,0,13467,0.0,1455.1,1455.4,1452.0,1456.9,1456.9,1.7976931348623157e+308,1.7976931348623157e+308,0.0,1452.1,1452.0,1451.9,1451.8,1451.7,1452.2,1452.3,1452.4,1452.5,1452.6,17,31,26,38,24,10,30,32,29,32
20191126,09:46:38.0,2019-11-26 09:46:38,GC1912,COMEX,1452.2,0,13468,0.0,1455.1,1455.4,1452.0,1456.9,1456.9,1.7976931348623157e+308,1.7976931348623157e+308,0.0,1452.1,1452.0,1451.9,1451.8,1451.7,1452.2,1452.3,1452.4,1452.5,1452.6,11,31,26,38,23,19,29,28,29,32
20191126,09:46:38.0,2019-11-26 09:46:38,GC1912,COMEX,1452.0,0,13477,0.0,1455.1,1455.4,1452.0,1456.9,1456.9,1.7976931348623157e+308,1.7976931348623157e+308,0.0,1452.0,1451.9,1451.8,1451.7,1451.6,1452.1,1452.2,1452.3,1452.4,1452.5,10,22,41,24,30,18,28,27,28,28
20191126,09:46:38.0,2019-11-26 09:46:38,GC1912,COMEX,1452.2,0,13497,0.0,1455.1,1455.4,1452.0,1456.9,1456.9,1.7976931348623157e+308,1.7976931348623157e+308,0.0,1452.1,1452.0,1451.9,1451.8,1451.7,1452.2,1452.3,1452.4,1452.5,1452.6,15,30,25,41,26,8,41,32,28,33
20191126,09:46:38.0,2019-11-26 09:46:38,GC1912,COMEX,1452.1,0,13513,0.0,1455.1,1455.4,1452.0,1456.9,1456.9,1.7976931348623157e+308,1.7976931348623157e+308,0.0,1452.1,1452.0,1451.9,1451.8,1451.7,1452.2,1452.3,1452.4,1452.5,1452.6,3,31,25,41,24,30,35,31,28,31
20191126,09:46:39.0,2019-11-26 09:46:39,GC1912,COMEX,1452.1,0,13513,0.0,1455.1,1455.4,1452.0,1456.9,1456.9,1.7976931348623157e+308,1.7976931348623157e+308,0.0,1452.1,1452.0,1451.9,1451.8,1451.7,1452.2,1452.3,1452.4,1452.5,1452.6,21,31,25,37,24,7,37,38,28,31
20191126,09:46:39.0,2019-11-26 09:46:39,GC1912,COMEX,1452.2,0,13520,0.0,1455.1,1455.4,1452.0,1456.9,1456.9,1.7976931348623157e+308,1.7976931348623157e+308,0.0,1452.1,1452.0,1451.9,1451.8,1451.7,1452.2,1452.3,1452.4,1452.5,1452.6,15,33,25,37,24,11,31,35,30,31
20191126,09:46:39.0,2019-11-26 09:46:39,GC1912,COMEX,1452.1,0,13529,0.0,1455.1,1455.4,1452.0,1456.9,1456.9,1.7976931348623157e+308,1.7976931348623157e+308,0.0,1452.0,1451.9,1451.8,1451.7,1451.6,1452.1,1452.2,1452.3,1452.4,1452.5,24,25,37,24,30,4,27,29,37,30
20191126,09:46:40.0,2019-11-26 09:46:40,GC1912,COMEX,1452.1,0,13532,0.0,1455.1,1455.4,1452.0,1456.9,1456.9,1.7976931348623157e+308,1.7976931348623157e+308,0.0,1452.0,1451.9,1451.8,1451.7,1451.6,1452.1,1452.2,1452.3,1452.4,1452.5,19,23,37,23,30,5,26,28,38,30
20191126,09:46:40.0,2019-11-26 09:46:40,GC1912,COMEX,1452.1,0,13544,0.0,1455.1,1455.4,1452.0,1456.9,1456.9,1.7976931348623157e+308,1.7976931348623157e+308,0.0,1452.0,1451.9,1451.8,1451.7,1451.6,1452.2,1452.3,1452.4,1452.5,1452.6,29,24,37,23,30,22,29,37,30,32
20191126,09:46:40.0,2019-11-26 09:46:40,GC1912,COMEX,1452.0,0,13555,0.0,1455.1,1455.4,1452.0,1456.9,1456.9,1.7976931348623157e+308,1.7976931348623157e+308,0.0,1452.0,1451.9,1451.8,1451.7,1451.6,1452.1,1452.2,1452.3,1452.4,1452.5,19,24,37,23,30,5,27,28,37,30
20191126,09:46:40.0,2019-11-26 09:46:40,GC1912,COMEX,1452.1,0,13557,0.0,1455.1,1455.4,1452.0,1456.9,1456.9,1.7976931348623157e+308,1.7976931348623157e+308,0.0,1452.0,1451.9,1451.8,1451.7,1451.6,1452.2,1452.3,1452.4,1452.5,1452.6,28,25,37,24,31,24,30,37,30,32
20191126,09:46:41.0,2019-11-26 09:46:41,GC1912,COMEX,1452.1,0,13557,0.0,1455.1,1455.4,1452.0,1456.9,1456.9,1.7976931348623157e+308,1.7976931348623157e+308,0.0,1452.1,1452.0,1451.9,1451.8,1451.7,1452.2,1452.3,1452.4,1452.5,1452.6,3,29,25,37,23,20,34,37,30,32
20191126,09:46:41.0,2019-11-26 09:46:41,GC1912,COMEX,1452.2,0,13569,0.0,1455.1,1455.4,1452.0,1456.9,1456.9,1.7976931348623157e+308,1.7976931348623157e+308,0.0,1452.1,1452.0,1451.9,1451.8,1451.7,1452.2,1452.3,1452.4,1452.5,1452.6,23,31,25,37,22,6,32,35,31,32
20191126,09:46:41.0,2019-11-26 09:46:41,GC1912,COMEX,1452.2,0,13574,0.0,1455.1,1455.4,1452.0,1456.9,1456.9,1.7976931348623157e+308,1.7976931348623157e+308,0.0,1452.1,1452.0,1451.9,1451.8,1451.7,1452.2,1452.3,1452.4,1452.5,1452.6,23,32,25,37,22,9,37,31,36,32
20191126,09:46:42.0,2019-11-26 09:46:42,GC1912,COMEX,1452.2,0,13574,0.0,1455.1,1455.4,1452.0,1456.9,1456.9,1.7976931348623157e+308,1.7976931348623157e+308,0.0,1452.1,1452.0,1451.9,1451.8,1451.7,1452.2,1452.3,1452.4,1452.5,1452.6,15,29,25,37,22,17,36,32,36,32
20191126,09:46:43.0,2019-11-26 09:46:43,GC1912,COMEX,1452.1,0,13592,0.0,1455.1,1455.4,1452.0,1456.9,1456.9,1.7976931348623157e+308,1.7976931348623157e+308,0.0,1452.0,1451.9,1451.8,1451.7,1451.6,1452.1,1452.2,1452.3,1452.4,1452.5,27,25,37,21,31,3,32,29,33,31
20191126,09:46:43.0,2019-11-26 09:46:43,GC1912,COMEX,1452.1,0,13594,0.0,1455.1,1455.4,1452.0,1456.9,1456.9,1.7976931348623157e+308,1.7976931348623157e+308,0.0,1452.1,1452.0,1451.9,1451.8,1451.7,1452.2,1452.3,1452.4,1452.5,1452.6,6,28,25,37,22,21,32,34,31,33
20191126,09:46:43.0,2019-11-26 09:46:43,GC1912,COMEX,1452.2,0,13596,0.0,1455.1,1455.4,1452.0,1456.9,1456.9,1.7976931348623157e+308,1.7976931348623157e+308,0.0,1452.1,1452.0,1451.9,1451.8,1451.7,1452.2,1452.3,1452.4,1452.5,1452.6,6,28,25,37,22,22,32,34,31,33
20191126,09:46:43.0,2019-11-26 09:46:43,GC1912,COMEX,1452.1,0,13602,0.0,1455.1,1455.4,1452.0,1456.9,1456.9,1.7976931348623157e+308,1.7976931348623157e+308,0.0,1452.0,1451.9,1451.8,1451.7,1451.6,1452.2,1452.3,1452.4,1452.5,1452.6,29,25,37,22,32,34,29,33,31,33
20191126,09:46:44.0,2019-11-26 09:46:44,GC1912,COMEX,1452.1,0,13602,0.0,1455.1,1455.4,1452.0,1456.9,1456.9,1.7976931348623157e+308,1.7976931348623157e+308,0.0,1452.1,1452.0,1451.9,1451.8,1451.7,1452.2,1452.3,1452.4,1452.5,1452.6,1,30,25,37,22,30,33,33,31,33
20191126,09:46:44.0,2019-11-26 09:46:44,GC1912,COMEX,1452.1,0,13603,0.0,1455.1,1455.4,1452.0,1456.9,1456.9,1.7976931348623157e+308,1.7976931348623157e+308,0.0,1452.0,1451.9,1451.8,1451.7,1451.6,1452.1,1452.2,1452.3,1452.4,1452.5,27,25,37,22,31,4,34,29,33,31
20191126,09:46:44.0,2019-11-26 09:46:44,GC1912,COMEX,1452.0,0,13620,0.0,1455.1,1455.4,1452.0,1456.9,1456.9,1.7976931348623157e+308,1.7976931348623157e+308,0.0,1452.0,1451.9,1451.8,1451.7,1451.6,1452.1,1452.2,1452.3,1452.4,1452.5,16,23,37,21,30,11,35,30,33,31
20191126,09:46:45.0,2019-11-26 09:46:45,GC1912,COMEX,1452.0,0,13620,0.0,1455.1,1455.4,1452.0,1456.9,1456.9,1.7976931348623157e+308,1.7976931348623157e+308,0.0,1452.0,1451.9,1451.8,1451.7,1451.6,1452.1,1452.2,1452.3,1452.4,1452.5,9,23,37,21,26,17,35,27,33,31
20191126,09:46:45.0,2019-11-26 09:46:45,GC1912,COMEX,1452.0,0,13625,0.0,1455.1,1455.4,1452.0,1456.9,1456.9,1.7976931348623157e+308,1.7976931348623157e+308,0.0,1452.0,1451.9,1451.8,1451.7,1451.6,1452.1,1452.2,1452.3,1452.4,1452.5,16,23,37,21,26,19,29,30,32,31
20191126,09:46:45.0,2019-11-26 09:46:45,GC1912,COMEX,1452.0,0,13628,0.0,1455.1,1455.4,1452.0,1456.9,1456.9,1.7976931348623157e+308,1.7976931348623157e+308,0.0,1452.0,1451.9,1451.8,1451.7,1451.6,1452.1,1452.2,1452.3,1452.4,1452.5,8,23,37,21,26,18,30,30,32,31
20191126,09:46:45.0,2019-11-26 09:46:45,GC1912,COMEX,1452.1,0,13631,0.0,1455.1,1455.4,1452.0,1456.9,1456.9,1.7976931348623157e+308,1.7976931348623157e+308,0.0,1452.0,1451.9,1451.8,1451.7,1451.6,1452.1,1452.2,1452.3,1452.4,1452.5,16,23,37,21,26,16,29,29,32,31
20191126,09:46:46.0,2019-11-26 09:46:46,GC1912,COMEX,1452.0,0,13632,0.0,1455.1,1455.4,1452.0,1456.9,1456.9,1.7976931348623157e+308,1.7976931348623157e+308,0.0,1452.0,1451.9,1451.8,1451.7,1451.6,1452.1,1452.2,1452.3,1452.4,1452.5,8,23,37,21,26,18,31,29,32,31
20191126,09:46:46.0,2019-11-26 09:46:46,GC1912,COMEX,1452.0,0,13659,0.0,1455.1,1455.4,1452.0,1456.9,1456.9,1.7976931348623157e+308,1.7976931348623157e+308,0.0,1452.0,1451.9,1451.8,1451.7,1451.6,1452.1,1452.2,1452.3,1452.4,1452.5,3,22,36,21,26,21,29,29,32,31
20191126,09:46:46.0,2019-11-26 09:46:46,GC1912,COMEX,1451.9,0,13696,0.0,1455.1,1455.4,1451.9,1456.9,1456.9,1.7976931348623157e+308,1.7976931348623157e+308,0.0,1451.8,1451.7,1451.6,1451.5,1451.4,1451.9,1452.0,1452.1,1452.2,1452.3,27,21,32,22,25,19,27,25,32,29
20191126,09:46:47.0,2019-11-26 09:46:47,GC1912,COMEX,1451.9,0,13710,0.0,1455.1,1455.4,1451.9,1456.9,1456.9,1.7976931348623157e+308,1.7976931348623157e+308,0.0,1451.9,1451.8,1451.7,1451.6,1451.5,1452.0,1452.1,1452.2,1452.3,1452.4,13,39,23,32,21,18,26,36,31,32
20191126,09:46:47.0,2019-11-26 09:46:47,GC1912,COMEX,1451.9,0,13716,0.0,1455.1,1455.4,1451.9,1456.9,1456.9,1.7976931348623157e+308,1.7976931348623157e+308,0.0,1451.9,1451.8,1451.7,1451.6,1451.5,1452.0,1452.1,1452.2,1452.3,1452.4,11,43,23,32,21,14,26,36,31,32
20191126,09:46:47.0,2019-11-26 09:46:47,GC1912,COMEX,1451.8,0,13743,0.0,1455.1,1455.4,1451.8,1456.9,1456.9,1.7976931348623157e+308,1.7976931348623157e+308,0.0,1451.8,1451.7,1451.6,1451.5,1451.4,1451.9,1452.0,1452.1,1452.2,1452.3,11,22,32,21,25,14,36,24,36,28
20191126,09:46:47.0,2019-11-26 09:46:47,GC1912,COMEX,1451.8,0,13744,0.0,1455.1,1455.4,1451.8,1456.9,1456.9,1.7976931348623157e+308,1.7976931348623157e+308,0.0,1451.8,1451.7,1451.6,1451.5,1451.4,1451.9,1452.0,1452.1,1452.2,1452.3,9,22,32,21,21,22,36,24,36,28
20191126,09:46:48.0,2019-11-26 09:46:48,GC1912,COMEX,1451.8,0,13755,0.0,1455.1,1455.4,1451.8,1456.9,1456.9,1.7976931348623157e+308,1.7976931348623157e+308,0.0,1451.8,1451.7,1451.6,1451.5,1451.4,1451.9,1452.0,1452.1,1452.2,1452.3,24,25,26,27,21,3,36,24,38,27
20191126,09:46:48.0,2019-11-26 09:46:48,GC1912,COMEX,1451.9,0,13757,0.0,1455.1,1455.4,1451.8,1456.9,1456.9,1.7976931348623157e+308,1.7976931348623157e+308,0.0,1451.9,1451.8,1451.7,1451.6,1451.5,1452.0,1452.1,1452.2,1452.3,1452.4,4,28,28,26,27,32,25,38,27,33
20191126,09:46:48.0,2019-11-26 09:46:48,GC1912,COMEX,1451.8,0,13767,0.0,1455.1,1455.4,1451.8,1456.9,1456.9,1.7976931348623157e+308,1.7976931348623157e+308,0.0,1451.7,1451.6,1451.5,1451.4,1451.3,1451.8,1451.9,1452.0,1452.1,1452.2,15,24,28,22,33,13,26,37,28,32
20191126,09:46:48.0,2019-11-26 09:46:48,GC1912,COMEX,1451.6,0,13800,0.0,1455.1,1455.4,1451.6,1456.9,1456.9,1.7976931348623157e+308,1.7976931348623157e+308,0.0,1451.6,1451.5,1451.4,1451.3,1451.2,1451.7,1451.8,1451.9,1452.0,1452.1,20,23,28,33,43,2,30,30,31,27
20191126,09:46:48.0,2019-11-26 09:46:48,GC1912,COMEX,1451.7,0,13805,0.0,1455.1,1455.4,1451.6,1456.9,1456.9,1.7976931348623157e+308,1.7976931348623157e+308,0.0,1451.7,1451.6,1451.5,1451.4,1451.3,1451.8,1451.9,1452.0,1452.1,1452.2,8,27,24,28,33,22,39,32,25,31
20191126,09:46:49.0,2019-11-26 09:46:49,GC1912,COMEX,1451.7,0,13814,0.0,1455.1,1455.4,1451.6,1456.9,1456.9,1.7976931348623157e+308,1.7976931348623157e+308,0.0,1451.6,1451.5,1451.4,1451.3,1451.2,1451.7,1451.8,1451.9,1452.0,1452.1,23,25,28,33,42,3,25,40,31,25
20191126,09:46:49.0,2019-11-26 09:46:49,GC1912,COMEX,1451.7,0,13823,0.0,1455.1,1455.4,1451.6,1456.9,1456.9,1.7976931348623157e+308,1.7976931348623157e+308,0.0,1451.7,1451.6,1451.5,1451.4,1451.3,1451.8,1451.9,1452.0,1452.1,1452.2,3,25,25,28,33,21,38,31,25,31
20191126,09:46:49.0,2019-11-26 09:46:49,GC1912,COMEX,1451.7,0,13832,0.0,1455.1,1455.4,1451.6,1456.9,1456.9,1.7976931348623157e+308,1.7976931348623157e+308,0.0,1451.6,1451.5,1451.4,1451.3,1451.2,1451.7,1451.8,1451.9,1452.0,1452.1,23,23,29,33,42,1,31,34,31,25
20191126,09:46:50.0,2019-11-26 09:46:50,GC1912,COMEX,1451.7,0,13834,0.0,1455.1,1455.4,1451.6,1456.9,1456.9,1.7976931348623157e+308,1.7976931348623157e+308,0.0,1451.7,1451.6,1451.5,1451.4,1451.3,1451.8,1451.9,1452.0,1452.1,1452.2,8,26,23,29,33,27,39,30,25,32
20191126,09:46:50.0,2019-11-26 09:46:50,GC1912,COMEX,1451.6,0,13861,0.0,1455.1,1455.4,1451.6,1456.9,1456.9,1.7976931348623157e+308,1.7976931348623157e+308,0.0,1451.6,1451.5,1451.4,1451.3,1451.2,1451.7,1451.8,1451.9,1452.0,1452.1,12,23,29,33,42,20,31,40,30,25
20191126,09:46:50.0,2019-11-26 09:46:50,GC1912,COMEX,1451.7,0,13865,0.0,1455.1,1455.4,1451.6,1456.9,1456.9,1.7976931348623157e+308,1.7976931348623157e+308,0.0,1451.6,1451.5,1451.4,1451.3,1451.2,1451.8,1451.9,1452.0,1452.1,1452.2,23,25,29,34,44,33,39,31,25,20
20191126,09:46:51.0,2019-11-26 09:46:51,GC1912,COMEX,1451.7,0,13868,0.0,1455.1,1455.4,1451.6,1456.9,1456.9,1.7976931348623157e+308,1.7976931348623157e+308,0.0,1451.6,1451.5,1451.4,1451.3,1451.2,1451.7,1451.8,1451.9,1452.0,1452.1,23,25,29,34,43,3,32,34,36,25
20191126,09:46:51.0,2019-11-26 09:46:51,GC1912,COMEX,1451.7,0,13869,0.0,1455.1,1455.4,1451.6,1456.9,1456.9,1.7976931348623157e+308,1.7976931348623157e+308,0.0,1451.6,1451.5,1451.4,1451.3,1451.2,1451.8,1451.9,1452.0,1452.1,1452.2,27,24,29,34,43,32,36,35,25,23
20191126,09:46:51.0,2019-11-26 09:46:51,GC1912,COMEX,1451.7,0,13875,0.0,1455.1,1455.4,1451.6,1456.9,1456.9,1.7976931348623157e+308,1.7976931348623157e+308,0.0,1451.6,1451.5,1451.4,1451.3,1451.2,1451.7,1451.8,1451.9,1452.0,1452.1,20,23,29,35,43,5,52,33,36,25
20191126,09:46:52.0,2019-11-26 09:46:52,GC1912,COMEX,1451.7,0,13875,0.0,1455.1,1455.4,1451.6,1456.9,1456.9,1.7976931348623157e+308,1.7976931348623157e+308,0.0,1451.6,1451.5,1451.4,1451.3,1451.2,1451.8,1451.9,1452.0,1452.1,1452.2,22,22,29,36,44,52,34,36,25,23
20191126,09:46:52.0,2019-11-26 09:46:52,GC1912,COMEX,1451.7,0,13877,0.0,1455.1,1455.4,1451.6,1456.9,1456.9,1.7976931348623157e+308,1.7976931348623157e+308,0.0,1451.6,1451.5,1451.4,1451.3,1451.2,1451.7,1451.8,1451.9,1452.0,1452.1,21,22,29,35,40,4,52,34,35,25
20191126,09:46:52.0,2019-11-26 09:46:52,GC1912,COMEX,1451.7,0,13884,0.0,1455.1,1455.4,1451.6,1456.9,1456.9,1.7976931348623157e+308,1.7976931348623157e+308,0.0,1451.7,1451.6,1451.5,1451.4,1451.3,1451.8,1451.9,1452.0,1452.1,1452.2,8,27,23,29,36,51,34,36,25,23
20191126,09:46:53.0,2019-11-26 09:46:53,GC1912,COMEX,1451.7,0,13884,0.0,1455.1,1455.4,1451.6,1456.9,1456.9,1.7976931348623157e+308,1.7976931348623157e+308,0.0,1451.7,1451.6,1451.5,1451.4,1451.3,1451.8,1451.9,1452.0,1452.1,1452.2,13,27,23,29,36,46,38,36,25,23
20191126,09:46:53.0,2019-11-26 09:46:53,GC1912,COMEX,1451.7,0,13922,0.0,1455.1,1455.4,1451.6,1456.9,1456.9,1.7976931348623157e+308,1.7976931348623157e+308,0.0,1451.6,1451.5,1451.4,1451.3,1451.2,1451.7,1451.8,1451.9,1452.0,1452.1,22,23,29,35,40,1,46,35,36,25
20191126,09:46:53.0,2019-11-26 09:46:53,GC1912,COMEX,1451.7,0,13923,0.0,1455.1,1455.4,1451.6,1456.9,1456.9,1.7976931348623157e+308,1.7976931348623157e+308,0.0,1451.7,1451.6,1451.5,1451.4,1451.3,1451.8,1451.9,1452.0,1452.1,1452.2,3,22,23,29,35,47,35,36,25,23
20191126,09:46:53.0,2019-11-26 09:46:53,GC1912,COMEX,1451.7,0,13926,0.0,1455.1,1455.4,1451.6,1456.9,1456.9,1.7976931348623157e+308,1.7976931348623157e+308,0.0,1451.6,1451.5,1451.4,1451.3,1451.2,1451.7,1451.8,1451.9,1452.0,1452.1,12,21,29,35,39,10,47,36,35,25
20191126,09:46:54.0,2019-11-26 09:46:54,GC1912,COMEX,1451.7,0,13927,0.0,1455.1,1455.4,1451.6,1456.9,1456.9,1.7976931348623157e+308,1.7976931348623157e+308,0.0,1451.6,1451.5,1451.4,1451.3,1451.2,1451.7,1451.8,1451.9,1452.0,1452.1,13,21,29,35,39,12,47,36,35,25
20191126,09:46:54.0,2019-11-26 09:46:54,GC1912,COMEX,1451.5,0,13933,0.0,1455.1,1455.4,1451.5,1456.9,1456.9,1.7976931348623157e+308,1.7976931348623157e+308,0.0,1451.5,1451.4,1451.3,1451.2,1451.1,1451.6,1451.7,1451.8,1451.9,1452.0,26,24,42,40,41,3,27,50,36,35
20191126,09:46:54.0,2019-11-26 09:46:54,GC1912,COMEX,1451.6,0,13943,0.0,1455.1,1455.4,1451.5,1456.9,1456.9,1.7976931348623157e+308,1.7976931348623157e+308,0.0,1451.6,1451.5,1451.4,1451.3,1451.2,1451.7,1451.8,1451.9,1452.0,1452.1,8,28,24,42,40,22,56,36,30,25
20191126,09:46:55.0,2019-11-26 09:46:55,GC1912,COMEX,1451.5,0,13953,0.0,1455.1,1455.4,1451.5,1456.9,1456.9,1.7976931348623157e+308,1.7976931348623157e+308,0.0,1451.6,1451.5,1451.4,1451.3,1451.2,1451.7,1451.8,1451.9,1452.0,1452.1,1,26,24,42,40,23,54,35,33,25
20191126,09:46:55.0,2019-11-26 09:46:55,GC1912,COMEX,1451.6,0,13957,0.0,1455.1,1455.4,1451.5,1456.9,1456.9,1.7976931348623157e+308,1.7976931348623157e+308,0.0,1451.6,1451.5,1451.4,1451.3,1451.2,1451.7,1451.8,1451.9,1452.0,1452.1,3,24,24,42,40,23,50,36,33,25
20191126,09:46:55.0,2019-11-26 09:46:55,GC1912,COMEX,1451.6,0,13962,0.0,1455.1,1455.4,1451.5,1456.9,1456.9,1.7976931348623157e+308,1.7976931348623157e+308,0.0,1451.5,1451.4,1451.3,1451.2,1451.1,1451.6,1451.7,1451.8,1451.9,1452.0,19,24,42,40,40,9,23,56,35,33
20191126,09:46:56.0,2019-11-26 09:46:56,GC1912,COMEX,1451.6,0,13966,0.0,1455.1,1455.4,1451.5,1456.9,1456.9,1.7976931348623157e+308,1.7976931348623157e+308,0.0,1451.5,1451.4,1451.3,1451.2,1451.1,1451.7,1451.8,1451.9,1452.0,1452.1,24,24,42,40,40,33,56,32,33,25
20191126,09:46:56.0,2019-11-26 09:46:56,GC1912,COMEX,1451.6,0,13990,0.0,1455.1,1455.4,1451.5,1456.9,1456.9,1.7976931348623157e+308,1.7976931348623157e+308,0.0,1451.6,1451.5,1451.4,1451.3,1451.2,1451.7,1451.8,1451.9,1452.0,1452.1,1,27,24,42,40,29,55,31,33,26
20191126,09:46:56.0,2019-11-26 09:46:56,GC1912,COMEX,1451.6,0,13994,0.0,1455.1,1455.4,1451.5,1456.9,1456.9,1.7976931348623157e+308,1.7976931348623157e+308,0.0,1451.5,1451.4,1451.3,1451.2,1451.1,1451.6,1451.7,1451.8,1451.9,1452.0,26,22,42,40,40,2,29,53,31,33
20191126,09:46:56.0,2019-11-26 09:46:56,GC1912,COMEX,1451.6,0,14000,0.0,1455.1,1455.4,1451.5,1456.9,1456.9,1.7976931348623157e+308,1.7976931348623157e+308,0.0,1451.6,1451.5,1451.4,1451.3,1451.2,1451.7,1451.8,1451.9,1452.0,1452.1,4,26,24,42,40,27,57,31,33,26
20191126,09:46:57.0,2019-11-26 09:46:57,GC1912,COMEX,1451.6,0,14003,0.0,1455.1,1455.4,1451.5,1456.9,1456.9,1.7976931348623157e+308,1.7976931348623157e+308,0.0,1451.5,1451.4,1451.3,1451.2,1451.1,1451.6,1451.7,1451.8,1451.9,1452.0,9,22,42,40,40,17,24,55,31,33
20191126,09:46:57.0,2019-11-26 09:46:57,GC1912,COMEX,1451.5,0,14004,0.0,1455.1,1455.4,1451.5,1456.9,1456.9,1.7976931348623157e+308,1.7976931348623157e+308,0.0,1451.5,1451.4,1451.3,1451.2,1451.1,1451.6,1451.7,1451.8,1451.9,1452.0,9,22,42,40,40,18,23,55,31,33
20191126,09:46:57.0,2019-11-26 09:46:57,GC1912,COMEX,1451.5,0,14015,0.0,1455.1,1455.4,1451.5,1456.9,1456.9,1.7976931348623157e+308,1.7976931348623157e+308,0.0,1451.5,1451.4,1451.3,1451.2,1451.1,1451.6,1451.7,1451.8,1451.9,1452.0,3,32,35,45,40,24,26,55,31,33
20191126,09:46:57.0,2019-11-26 09:46:57,GC1912,COMEX,1451.6,0,14020,0.0,1455.1,1455.4,1451.5,1456.9,1456.9,1.7976931348623157e+308,1.7976931348623157e+308,0.0,1451.4,1451.3,1451.2,1451.1,1451.0,1451.6,1451.7,1451.8,1451.9,1452.0,34,35,45,40,36,26,28,51,29,33
20191126,09:46:58.0,2019-11-26 09:46:58,GC1912,COMEX,1451.5,0,14045,0.0,1455.1,1455.4,1451.4,1456.9,1456.9,1.7976931348623157e+308,1.7976931348623157e+308,0.0,1451.4,1451.3,1451.2,1451.1,1451.0,1451.5,1451.6,1451.7,1451.8,1451.9,22,35,45,39,36,1,33,30,51,29
20191126,09:46:58.0,2019-11-26 09:46:58,GC1912,COMEX,1451.6,0,14049,0.0,1455.1,1455.4,1451.4,1456.9,1456.9,1.7976931348623157e+308,1.7976931348623157e+308,0.0,1451.5,1451.4,1451.3,1451.2,1451.1,1451.6,1451.7,1451.8,1451.9,1452.0,13,23,35,45,39,33,32,51,29,34
20191126,09:46:58.0,2019-11-26 09:46:58,GC1912,COMEX,1451.6,0,14075,0.0,1455.1,1455.4,1451.4,1456.9,1456.9,1.7976931348623157e+308,1.7976931348623157e+308,0.0,1451.5,1451.4,1451.3,1451.2,1451.1,1451.6,1451.7,1451.8,1451.9,1452.0,19,25,35,45,39,3,28,53,30,34
20191126,09:46:58.0,2019-11-26 09:46:58,GC1912,COMEX,1451.6,0,14091,0.0,1455.1,1455.4,1451.4,1456.9,1456.9,1.7976931348623157e+308,1.7976931348623157e+308,0.0,1451.6,1451.5,1451.4,1451.3,1451.2,1451.7,1451.8,1451.9,1452.0,1452.1,2,24,26,35,45,21,58,31,32,24
20191126,09:46:59.0,2019-11-26 09:46:59,GC1912,COMEX,1451.5,0,14113,0.0,1455.1,1455.4,1451.4,1456.9,1456.9,1.7976931348623157e+308,1.7976931348623157e+308,0.0,1451.5,1451.4,1451.3,1451.2,1451.1,1451.6,1451.7,1451.8,1451.9,1452.0,4,23,35,45,39,21,29,54,31,32
20191126,09:46:59.0,2019-11-26 09:46:59,GC1912,COMEX,1451.5,0,14122,0.0,1455.1,1455.4,1451.4,1456.9,1456.9,1.7976931348623157e+308,1.7976931348623157e+308,0.0,1451.4,1451.3,1451.2,1451.1,1451.0,1451.5,1451.6,1451.7,1451.8,1451.9,23,35,45,39,36,6,28,25,54,30
20191126,09:46:59.0,2019-11-26 09:46:59,GC1912,COMEX,1451.4,0,14134,0.0,1455.1,1455.4,1451.4,1456.9,1456.9,1.7976931348623157e+308,1.7976931348623157e+308,0.0,1451.3,1451.2,1451.1,1451.0,1450.9,1451.4,1451.5,1451.6,1451.7,1451.8,34,36,45,36,19,11,27,23,29,55
20191126,09:46:59.0,2019-11-26 09:46:59,GC1912,COMEX,1451.5,0,14155,0.0,1455.1,1455.4,1451.4,1456.9,1456.9,1.7976931348623157e+308,1.7976931348623157e+308,0.0,1451.4,1451.3,1451.2,1451.1,1451.0,1451.5,1451.6,1451.7,1451.8,1451.9,10,43,38,45,32,14,27,28,56,30
20191126,09:47:00.0,2019-11-26 09:47:00,GC1912,COMEX,1451.5,0,14158,0.0,1455.1,1455.4,1451.4,1456.9,1456.9,1.7976931348623157e+308,1.7976931348623157e+308,0.0,1451.4,1451.3,1451.2,1451.1,1451.0,1451.5,1451.6,1451.7,1451.8,1451.9,13,43,38,45,32,12,27,28,56,30
20191126,09:47:00.0,2019-11-26 09:47:00,GC1912,COMEX,1451.5,0,14185,0.0,1455.1,1455.4,1451.4,1456.9,1456.9,1.7976931348623157e+308,1.7976931348623157e+308,0.0,1451.4,1451.3,1451.2,1451.1,1451.0,1451.5,1451.6,1451.7,1451.8,1451.9,23,40,38,45,32,5,24,35,53,28
20191126,09:47:00.0,2019-11-26 09:47:00,GC1912,COMEX,1451.5,0,14195,0.0,1455.1,1455.4,1451.4,1456.9,1456.9,1.7976931348623157e+308,1.7976931348623157e+308,0.0,1451.4,1451.3,1451.2,1451.1,1451.0,1451.5,1451.6,1451.7,1451.8,1451.9,25,40,39,45,32,1,19,36,31,28
20191126,09:47:01.0,2019-11-26 09:47:01,GC1912,COMEX,1451.5,0,14199,0.0,1455.1,1455.4,1451.4,1456.9,1456.9,1.7976931348623157e+308,1.7976931348623157e+308,0.0,1451.5,1451.4,1451.3,1451.2,1451.1,1451.6,1451.7,1451.8,1451.9,1452.0,6,26,40,39,25,19,34,29,28,31
20191126,09:47:01.0,2019-11-26 09:47:01,GC1912,COMEX,1451.5,0,14200,0.0,1455.1,1455.4,1451.4,1456.9,1456.9,1.7976931348623157e+308,1.7976931348623157e+308,0.0,1451.5,1451.4,1451.3,1451.2,1451.1,1451.6,1451.7,1451.8,1451.9,1452.0,4,26,40,39,25,18,37,28,28,31
20191126,09:47:01.0,2019-11-26 09:47:01,GC1912,COMEX,1451.5,0,14204,0.0,1455.1,1455.4,1451.4,1456.9,1456.9,1.7976931348623157e+308,1.7976931348623157e+308,0.0,1451.5,1451.4,1451.3,1451.2,1451.1,1451.6,1451.7,1451.8,1451.9,1452.0,7,26,40,39,25,18,36,29,28,31
20191126,09:47:01.0,2019-11-26 09:47:01,GC1912,COMEX,1451.6,0,14214,0.0,1455.1,1455.4,1451.4,1456.9,1456.9,1.7976931348623157e+308,1.7976931348623157e+308,0.0,1451.5,1451.4,1451.3,1451.2,1451.1,1451.6,1451.7,1451.8,1451.9,1452.0,6,26,40,39,25,43,31,28,28,28
20191126,09:47:01.0,2019-11-26 09:47:01,GC1912,COMEX,1451.5,0,14219,0.0,1455.1,1455.4,1451.4,1456.9,1456.9,1.7976931348623157e+308,1.7976931348623157e+308,0.0,1451.5,1451.4,1451.3,1451.2,1451.1,1451.6,1451.7,1451.8,1451.9,1452.0,4,26,40,39,25,42,32,28,28,27
20191126,09:47:02.0,2019-11-26 09:47:02,GC1912,COMEX,1451.5,0,14219,0.0,1455.1,1455.4,1451.4,1456.9,1456.9,1.7976931348623157e+308,1.7976931348623157e+308,0.0,1451.5,1451.4,1451.3,1451.2,1451.1,1451.6,1451.7,1451.8,1451.9,1452.0,18,26,40,39,25,34,33,27,29,27
20191126,09:47:02.0,2019-11-26 09:47:02,GC1912,COMEX,1451.6,0,14250,0.0,1455.1,1455.4,1451.4,1456.9,1456.9,1.7976931348623157e+308,1.7976931348623157e+308,0.0,1451.5,1451.4,1451.3,1451.2,1451.1,1451.6,1451.7,1451.8,1451.9,1452.0,19,27,41,39,25,6,24,28,36,27
20191126,09:47:03.0,2019-11-26 09:47:03,GC1912,COMEX,1451.6,0,14250,0.0,1455.1,1455.4,1451.4,1456.9,1456.9,1.7976931348623157e+308,1.7976931348623157e+308,0.0,1451.5,1451.4,1451.3,1451.2,1451.1,1451.6,1451.7,1451.8,1451.9,1452.0,10,26,41,39,25,15,24,28,35,29
20191126,09:47:03.0,2019-11-26 09:47:03,GC1912,COMEX,1451.5,0,14251,0.0,1455.1,1455.4,1451.4,1456.9,1456.9,1.7976931348623157e+308,1.7976931348623157e+308,0.0,1451.5,1451.4,1451.3,1451.2,1451.1,1451.6,1451.7,1451.8,1451.9,1452.0,3,27,40,39,25,21,24,28,35,29
20191126,09:47:03.0,2019-11-26 09:47:03,GC1912,COMEX,1451.6,0,14253,0.0,1455.1,1455.4,1451.4,1456.9,1456.9,1.7976931348623157e+308,1.7976931348623157e+308,0.0,1451.5,1451.4,1451.3,1451.2,1451.1,1451.6,1451.7,1451.8,1451.9,1452.0,10,27,40,39,25,20,24,28,35,29
20191126,09:47:04.0,2019-11-26 09:47:04,GC1912,COMEX,1451.6,0,14253,0.0,1455.1,1455.4,1451.4,1456.9,1456.9,1.7976931348623157e+308,1.7976931348623157e+308,0.0,1451.5,1451.4,1451.3,1451.2,1451.1,1451.6,1451.7,1451.8,1451.9,1452.0,20,25,38,38,25,3,22,27,31,24
20191126,09:47:04.0,2019-11-26 09:47:04,GC1912,COMEX,1451.6,0,14256,0.0,1455.1,1455.4,1451.4,1456.9,1456.9,1.7976931348623157e+308,1.7976931348623157e+308,0.0,1451.6,1451.5,1451.4,1451.3,1451.2,1451.7,1451.8,1451.9,1452.0,1452.1,8,18,24,35,37,11,24,31,24,24
20191126,09:47:05.0,2019-11-26 09:47:05,GC1912,COMEX,1451.6,0,14261,0.0,1455.1,1455.4,1451.4,1456.9,1456.9,1.7976931348623157e+308,1.7976931348623157e+308,0.0,1451.6,1451.5,1451.4,1451.3,1451.2,1451.7,1451.8,1451.9,1452.0,1452.1,9,22,26,35,37,16,24,31,25,24
20191126,09:47:06.0,2019-11-26 09:47:06,GC1912,COMEX,1451.6,0,14261,0.0,1455.1,1455.4,1451.4,1456.9,1456.9,1.7976931348623157e+308,1.7976931348623157e+308,0.0,1451.6,1451.5,1451.4,1451.3,1451.2,1451.7,1451.8,1451.9,1452.0,1452.1,10,21,26,35,37,14,24,32,25,24
20191126,09:47:07.0,2019-11-26 09:47:07,GC1912,COMEX,1451.6,0,14277,0.0,1455.1,1455.4,1451.4,1456.9,1456.9,1.7976931348623157e+308,1.7976931348623157e+308,0.0,1451.5,1451.4,1451.3,1451.2,1451.1,1451.7,1451.8,1451.9,1452.0,1452.1,21,25,35,37,25,21,25,31,25,25
20191126,09:47:07.0,2019-11-26 09:47:07,GC1912,COMEX,1451.6,0,14286,0.0,1455.1,1455.4,1451.4,1456.9,1456.9,1.7976931348623157e+308,1.7976931348623157e+308,0.0,1451.5,1451.4,1451.3,1451.2,1451.1,1451.7,1451.8,1451.9,1452.0,1452.1,17,25,35,37,25,21,26,31,25,25
20191126,09:47:07.0,2019-11-26 09:47:07,GC1912,COMEX,1451.7,0,14288,0.0,1455.1,1455.4,1451.4,1456.9,1456.9,1.7976931348623157e+308,1.7976931348623157e+308,0.0,1451.6,1451.5,1451.4,1451.3,1451.2,1451.7,1451.8,1451.9,1452.0,1452.1,9,25,26,35,37,14,26,31,25,25
20191126,09:47:08.0,2019-11-26 09:47:08,GC1912,COMEX,1451.7,0,14288,0.0,1455.1,1455.4,1451.4,1456.9,1456.9,1.7976931348623157e+308,1.7976931348623157e+308,0.0,1451.5,1451.4,1451.3,1451.2,1451.1,1451.7,1451.8,1451.9,1452.0,1452.1,21,26,35,37,25,23,25,33,25,25
20191126,09:47:08.0,2019-11-26 09:47:08,GC1912,COMEX,1451.6,0,14291,0.0,1455.1,1455.4,1451.4,1456.9,1456.9,1.7976931348623157e+308,1.7976931348623157e+308,0.0,1451.6,1451.5,1451.4,1451.3,1451.2,1451.7,1451.8,1451.9,1452.0,1452.1,14,25,27,35,38,15,24,33,26,25
20191126,09:47:08.0,2019-11-26 09:47:08,GC1912,COMEX,1451.6,0,14306,0.0,1455.1,1455.4,1451.4,1456.9,1456.9,1.7976931348623157e+308,1.7976931348623157e+308,0.0,1451.5,1451.4,1451.3,1451.2,1451.1,1451.6,1451.7,1451.8,1451.9,1452.0,13,25,35,38,25,9,24,26,33,26
20191126,09:47:08.0,2019-11-26 09:47:08,GC1912,COMEX,1451.6,0,14307,0.0,1455.1,1455.4,1451.4,1456.9,1456.9,1.7976931348623157e+308,1.7976931348623157e+308,0.0,1451.5,1451.4,1451.3,1451.2,1451.1,1451.6,1451.7,1451.8,1451.9,1452.0,13,25,35,38,25,10,25,26,33,26
20191126,09:47:09.0,2019-11-26 09:47:09,GC1912,COMEX,1451.6,0,14307,0.0,1455.1,1455.4,1451.4,1456.9,1456.9,1.7976931348623157e+308,1.7976931348623157e+308,0.0,1451.5,1451.4,1451.3,1451.2,1451.1,1451.6,1451.7,1451.8,1451.9,1452.0,13,25,35,38,25,13,26,26,33,26
20191126,09:47:09.0,2019-11-26 09:47:09,GC1912,COMEX,1451.6,0,14310,0.0,1455.1,1455.4,1451.4,1456.9,1456.9,1.7976931348623157e+308,1.7976931348623157e+308,0.0,1451.5,1451.4,1451.3,1451.2,1451.1,1451.6,1451.7,1451.8,1451.9,1452.0,17,25,35,38,25,9,24,26,33,26
20191126,09:47:09.0,2019-11-26 09:47:09,GC1912,COMEX,1451.5,0,14314,0.0,1455.1,1455.4,1451.4,1456.9,1456.9,1.7976931348623157e+308,1.7976931348623157e+308,0.0,1451.5,1451.4,1451.3,1451.2,1451.1,1451.6,1451.7,1451.8,1451.9,1452.0,3,24,35,38,25,22,27,27,26,26
20191126,09:47:10.0,2019-11-26 09:47:10,GC1912,COMEX,1451.5,0,14317,0.0,1455.1,1455.4,1451.4,1456.9,1456.9,1.7976931348623157e+308,1.7976931348623157e+308,0.0,1451.5,1451.4,1451.3,1451.2,1451.1,1451.6,1451.7,1451.8,1451.9,1452.0,6,24,35,38,25,18,28,27,24,26
20191126,09:47:10.0,2019-11-26 09:47:10,GC1912,COMEX,1451.5,0,14337,0.0,1455.1,1455.4,1451.4,1456.9,1456.9,1.7976931348623157e+308,1.7976931348623157e+308,0.0,1451.4,1451.3,1451.2,1451.1,1451.0,1451.5,1451.6,1451.7,1451.8,1451.9,11,34,38,25,47,9,26,28,27,25
20191126,09:47:10.0,2019-11-26 09:47:10,GC1912,COMEX,1451.5,0,14339,0.0,1455.1,1455.4,1451.4,1456.9,1456.9,1.7976931348623157e+308,1.7976931348623157e+308,0.0,1451.4,1451.3,1451.2,1451.1,1451.0,1451.5,1451.6,1451.7,1451.8,1451.9,9,34,38,25,47,11,27,24,31,25
20191126,09:47:11.0,2019-11-26 09:47:11,GC1912,COMEX,1451.5,0,14339,0.0,1455.1,1455.4,1451.4,1456.9,1456.9,1.7976931348623157e+308,1.7976931348623157e+308,0.0,1451.4,1451.3,1451.2,1451.1,1451.0,1451.5,1451.6,1451.7,1451.8,1451.9,18,34,38,25,47,3,27,25,31,25
20191126,09:47:11.0,2019-11-26 09:47:11,GC1912,COMEX,1451.5,0,14340,0.0,1455.1,1455.4,1451.4,1456.9,1456.9,1.7976931348623157e+308,1.7976931348623157e+308,0.0,1451.4,1451.3,1451.2,1451.1,1451.0,1451.5,1451.6,1451.7,1451.8,1451.9,6,34,38,25,47,15,28,25,30,27
20191126,09:47:12.0,2019-11-26 09:47:12,GC1912,COMEX,1451.5,0,14340,0.0,1455.1,1455.4,1451.4,1456.9,1456.9,1.7976931348623157e+308,1.7976931348623157e+308,0.0,1451.4,1451.3,1451.2,1451.1,1451.0,1451.5,1451.6,1451.7,1451.8,1451.9,6,34,38,25,43,15,30,25,28,27
20191126,09:47:12.0,2019-11-26 09:47:12,GC1912,COMEX,1451.5,0,14341,0.0,1455.1,1455.4,1451.4,1456.9,1456.9,1.7976931348623157e+308,1.7976931348623157e+308,0.0,1451.4,1451.3,1451.2,1451.1,1451.0,1451.5,1451.6,1451.7,1451.8,1451.9,7,34,38,25,43,13,30,25,28,27
20191126,09:47:12.0,2019-11-26 09:47:12,GC1912,COMEX,1451.4,0,14353,0.0,1455.1,1455.4,1451.4,1456.9,1456.9,1.7976931348623157e+308,1.7976931348623157e+308,0.0,1451.4,1451.3,1451.2,1451.1,1451.0,1451.5,1451.6,1451.7,1451.8,1451.9,12,34,38,25,43,12,30,25,28,27
20191126,09:47:13.0,2019-11-26 09:47:13,GC1912,COMEX,1451.5,0,14357,0.0,1455.1,1455.4,1451.4,1456.9,1456.9,1.7976931348623157e+308,1.7976931348623157e+308,0.0,1451.5,1451.4,1451.3,1451.2,1451.1,1451.6,1451.7,1451.8,1451.9,1452.0,3,21,35,38,25,27,26,30,27,26
20191126,09:47:13.0,2019-11-26 09:47:13,GC1912,COMEX,1451.5,0,14362,0.0,1455.1,1455.4,1451.4,1456.9,1456.9,1.7976931348623157e+308,1.7976931348623157e+308,0.0,1451.5,1451.4,1451.3,1451.2,1451.1,1451.6,1451.7,1451.8,1451.9,1452.0,5,22,35,38,25,27,28,30,25,26
20191126,09:47:13.0,2019-11-26 09:47:13,GC1912,COMEX,1451.5,0,14370,0.0,1455.1,1455.4,1451.4,1456.9,1456.9,1.7976931348623157e+308,1.7976931348623157e+308,0.0,1451.5,1451.4,1451.3,1451.2,1451.1,1451.6,1451.7,1451.8,1451.9,1452.0,1,24,35,38,25,26,28,30,25,26
20191126,09:47:14.0,2019-11-26 09:47:14,GC1912,COMEX,1451.5,0,14370,0.0,1455.1,1455.4,1451.4,1456.9,1456.9,1.7976931348623157e+308,1.7976931348623157e+308,0.0,1451.5,1451.4,1451.3,1451.2,1451.1,1451.6,1451.7,1451.8,1451.9,1452.0,18,24,35,38,25,9,22,32,25,28
20191126,09:47:14.0,2019-11-26 09:47:14,GC1912,COMEX,1451.5,0,14378,0.0,1455.1,1455.4,1451.4,1456.9,1456.9,1.7976931348623157e+308,1.7976931348623157e+308,0.0,1451.5,1451.4,1451.3,1451.2,1451.1,1451.6,1451.7,1451.8,1451.9,1452.0,7,24,35,38,25,18,22,32,25,28
20191126,09:47:15.0,2019-11-26 09:47:15,GC1912,COMEX,1451.5,0,14378,0.0,1455.1,1455.4,1451.4,1456.9,1456.9,1.7976931348623157e+308,1.7976931348623157e+308,0.0,1451.5,1451.4,1451.3,1451.2,1451.1,1451.6,1451.7,1451.8,1451.9,1452.0,17,24,35,38,25,12,25,30,25,28
20191126,09:47:15.0,2019-11-26 09:47:15,GC1912,COMEX,1451.7,0,14397,0.0,1455.1,1455.4,1451.4,1456.9,1456.9,1.7976931348623157e+308,1.7976931348623157e+308,0.0,1451.5,1451.4,1451.3,1451.2,1451.1,1451.7,1451.8,1451.9,1452.0,1452.1,25,26,35,42,25,25,24,28,28,28
20191126,09:47:15.0,2019-11-26 09:47:15,GC1912,COMEX,1451.7,0,14400,0.0,1455.1,1455.4,1451.4,1456.9,1456.9,1.7976931348623157e+308,1.7976931348623157e+308,0.0,1451.6,1451.5,1451.4,1451.3,1451.2,1451.7,1451.8,1451.9,1452.0,1452.1,16,25,26,36,42,2,24,29,27,28
20191126,09:47:16.0,2019-11-26 09:47:16,GC1912,COMEX,1451.7,0,14404,0.0,1455.1,1455.4,1451.4,1456.9,1456.9,1.7976931348623157e+308,1.7976931348623157e+308,0.0,1451.6,1451.5,1451.4,1451.3,1451.2,1451.7,1451.8,1451.9,1452.0,1452.1,14,25,27,36,42,8,25,26,28,30
20191126,09:47:16.0,2019-11-26 09:47:16,GC1912,COMEX,1451.7,0,14405,0.0,1455.1,1455.4,1451.4,1456.9,1456.9,1.7976931348623157e+308,1.7976931348623157e+308,0.0,1451.6,1451.5,1451.4,1451.3,1451.2,1451.7,1451.8,1451.9,1452.0,1452.1,11,25,27,36,42,20,25,27,27,27
20191126,09:47:16.0,2019-11-26 09:47:16,GC1912,COMEX,1451.6,0,14406,0.0,1455.1,1455.4,1451.4,1456.9,1456.9,1.7976931348623157e+308,1.7976931348623157e+308,0.0,1451.5,1451.4,1451.3,1451.2,1451.1,1451.6,1451.7,1451.8,1451.9,1452.0,20,25,36,42,26,8,28,26,27,27
20191126,09:47:17.0,2019-11-26 09:47:17,GC1912,COMEX,1451.8,0,14434,0.0,1455.1,1455.4,1451.4,1456.9,1456.9,1.7976931348623157e+308,1.7976931348623157e+308,0.0,1451.8,1451.7,1451.6,1451.5,1451.4,1451.9,1452.0,1452.1,1452.2,1452.3,8,28,25,26,26,19,28,27,29,24
20191126,09:47:17.0,2019-11-26 09:47:17,GC1912,COMEX,1451.8,0,14435,0.0,1455.1,1455.4,1451.4,1456.9,1456.9,1.7976931348623157e+308,1.7976931348623157e+308,0.0,1451.7,1451.6,1451.5,1451.4,1451.3,1451.8,1451.9,1452.0,1452.1,1452.2,21,25,26,30,37,6,25,28,26,29
20191126,09:47:17.0,2019-11-26 09:47:17,GC1912,COMEX,1451.8,0,14438,0.0,1455.1,1455.4,1451.4,1456.9,1456.9,1.7976931348623157e+308,1.7976931348623157e+308,0.0,1451.7,1451.6,1451.5,1451.4,1451.3,1451.8,1451.9,1452.0,1452.1,1452.2,19,28,27,30,37,7,26,25,27,31
20191126,09:47:18.0,2019-11-26 09:47:18,GC1912,COMEX,1451.8,0,14438,0.0,1455.1,1455.4,1451.4,1456.9,1456.9,1.7976931348623157e+308,1.7976931348623157e+308,0.0,1451.7,1451.6,1451.5,1451.4,1451.3,1451.8,1451.9,1452.0,1452.1,1452.2,19,26,27,30,36,7,26,27,27,29
20191126,09:47:18.0,2019-11-26 09:47:18,GC1912,COMEX,1451.8,0,14446,0.0,1455.1,1455.4,1451.4,1456.9,1456.9,1.7976931348623157e+308,1.7976931348623157e+308,0.0,1451.7,1451.6,1451.5,1451.4,1451.3,1451.9,1452.0,1452.1,1452.2,1452.3,21,26,29,30,36,25,25,28,29,24
20191126,09:47:19.0,2019-11-26 09:47:19,GC1912,COMEX,1451.8,0,14448,0.0,1455.1,1455.4,1451.4,1456.9,1456.9,1.7976931348623157e+308,1.7976931348623157e+308,0.0,1451.7,1451.6,1451.5,1451.4,1451.3,1451.9,1452.0,1452.1,1452.2,1452.3,21,25,30,30,36,25,25,28,29,24
20191126,09:47:19.0,2019-11-26 09:47:19,GC1912,COMEX,1451.7,0,14465,0.0,1455.1,1455.4,1451.4,1456.9,1456.9,1.7976931348623157e+308,1.7976931348623157e+308,0.0,1451.7,1451.6,1451.5,1451.4,1451.3,1451.8,1451.9,1452.0,1452.1,1452.2,7,24,28,30,36,22,25,27,28,29
20191126,09:47:20.0,2019-11-26 09:47:20,GC1912,COMEX,1451.7,0,14465,0.0,1455.1,1455.4,1451.4,1456.9,1456.9,1.7976931348623157e+308,1.7976931348623157e+308,0.0,1451.7,1451.6,1451.5,1451.4,1451.3,1451.8,1451.9,1452.0,1452.1,1452.2,7,24,32,30,37,16,25,27,28,27
20191126,09:47:20.0,2019-11-26 09:47:20,GC1912,COMEX,1451.7,0,14471,0.0,1455.1,1455.4,1451.4,1456.9,1456.9,1.7976931348623157e+308,1.7976931348623157e+308,0.0,1451.6,1451.5,1451.4,1451.3,1451.2,1451.7,1451.8,1451.9,1452.0,1452.1,23,29,30,37,42,3,24,25,28,27
20191126,09:47:20.0,2019-11-26 09:47:20,GC1912,COMEX,1451.7,0,14474,0.0,1455.1,1455.4,1451.4,1456.9,1456.9,1.7976931348623157e+308,1.7976931348623157e+308,0.0,1451.6,1451.5,1451.4,1451.3,1451.2,1451.7,1451.8,1451.9,1452.0,1452.1,22,30,30,36,42,6,24,27,28,27
20191126,09:47:21.0,2019-11-26 09:47:21,GC1912,COMEX,1451.7,0,14479,0.0,1455.1,1455.4,1451.4,1456.9,1456.9,1.7976931348623157e+308,1.7976931348623157e+308,0.0,1451.7,1451.6,1451.5,1451.4,1451.3,1451.8,1451.9,1452.0,1452.1,1452.2,11,24,30,30,36,14,26,29,27,27
20191126,09:47:21.0,2019-11-26 09:47:21,GC1912,COMEX,1451.7,0,14481,0.0,1455.1,1455.4,1451.4,1456.9,1456.9,1.7976931348623157e+308,1.7976931348623157e+308,0.0,1451.7,1451.6,1451.5,1451.4,1451.3,1451.8,1451.9,1452.0,1452.1,1452.2,15,24,30,30,36,12,26,30,29,27
20191126,09:47:21.0,2019-11-26 09:47:21,GC1912,COMEX,1451.7,0,14484,0.0,1455.1,1455.4,1451.4,1456.9,1456.9,1.7976931348623157e+308,1.7976931348623157e+308,0.0,1451.7,1451.6,1451.5,1451.4,1451.3,1451.8,1451.9,1452.0,1452.1,1452.2,7,26,30,30,36,22,26,29,29,27
20191126,09:47:22.0,2019-11-26 09:47:22,GC1912,COMEX,1451.8,0,14494,0.0,1455.1,1455.4,1451.4,1456.9,1456.9,1.7976931348623157e+308,1.7976931348623157e+308,0.0,1451.8,1451.7,1451.6,1451.5,1451.4,1451.9,1452.0,1452.1,1452.2,1452.3,4,23,27,30,30,25,29,31,27,25
20191126,09:47:22.0,2019-11-26 09:47:22,GC1912,COMEX,1451.8,0,14499,0.0,1455.1,1455.4,1451.4,1456.9,1456.9,1.7976931348623157e+308,1.7976931348623157e+308,0.0,1451.7,1451.6,1451.5,1451.4,1451.3,1451.9,1452.0,1452.1,1452.2,1452.3,22,26,31,30,36,26,29,29,28,25
20191126,09:47:22.0,2019-11-26 09:47:22,GC1912,COMEX,1451.8,0,14506,0.0,1455.1,1455.4,1451.4,1456.9,1456.9,1.7976931348623157e+308,1.7976931348623157e+308,0.0,1451.7,1451.6,1451.5,1451.4,1451.3,1451.8,1451.9,1452.0,1452.1,1452.2,23,26,31,30,36,8,28,31,29,28
20191126,09:47:23.0,2019-11-26 09:47:23,GC1912,COMEX,1451.8,0,14512,0.0,1455.1,1455.4,1451.4,1456.9,1456.9,1.7976931348623157e+308,1.7976931348623157e+308,0.0,1451.8,1451.7,1451.6,1451.5,1451.4,1451.9,1452.0,1452.1,1452.2,1452.3,3,25,27,31,26,19,29,29,28,25
20191126,09:47:23.0,2019-11-26 09:47:23,GC1912,COMEX,1451.8,0,14514,0.0,1455.1,1455.4,1451.4,1456.9,1456.9,1.7976931348623157e+308,1.7976931348623157e+308,0.0,1451.8,1451.7,1451.6,1451.5,1451.4,1451.9,1452.0,1452.1,1452.2,1452.3,1,21,27,31,26,25,28,31,28,25
20191126,09:47:23.0,2019-11-26 09:47:23,GC1912,COMEX,1451.8,0,14517,0.0,1455.1,1455.4,1451.4,1456.9,1456.9,1.7976931348623157e+308,1.7976931348623157e+308,0.0,1451.7,1451.6,1451.5,1451.4,1451.3,1451.8,1451.9,1452.0,1452.1,1452.2,20,25,31,26,36,10,27,29,31,28
20191126,09:47:24.0,2019-11-26 09:47:24,GC1912,COMEX,1451.8,0,14518,0.0,1455.1,1455.4,1451.4,1456.9,1456.9,1.7976931348623157e+308,1.7976931348623157e+308,0.0,1451.7,1451.6,1451.5,1451.4,1451.3,1451.8,1451.9,1452.0,1452.1,1452.2,14,25,31,26,36,12,27,29,31,28
20191126,09:47:24.0,2019-11-26 09:47:24,GC1912,COMEX,1451.8,0,14520,0.0,1455.1,1455.4,1451.4,1456.9,1456.9,1.7976931348623157e+308,1.7976931348623157e+308,0.0,1451.7,1451.6,1451.5,1451.4,1451.3,1451.8,1451.9,1452.0,1452.1,1452.2,16,25,31,26,36,8,29,28,30,30
20191126,09:47:25.0,2019-11-26 09:47:25,GC1912,COMEX,1451.8,0,14520,0.0,1455.1,1455.4,1451.4,1456.9,1456.9,1.7976931348623157e+308,1.7976931348623157e+308,0.0,1451.7,1451.6,1451.5,1451.4,1451.3,1451.8,1451.9,1452.0,1452.1,1452.2,7,21,25,26,37,14,25,28,30,30
20191126,09:47:25.0,2019-11-26 09:47:25,GC1912,COMEX,1451.8,0,14521,0.0,1455.1,1455.4,1451.4,1456.9,1456.9,1.7976931348623157e+308,1.7976931348623157e+308,0.0,1451.7,1451.6,1451.5,1451.4,1451.3,1451.8,1451.9,1452.0,1452.1,1452.2,4,22,25,31,37,14,25,27,30,29
20191126,09:47:25.0,2019-11-26 09:47:25,GC1912,COMEX,1451.8,0,14525,0.0,1455.1,1455.4,1451.4,1456.9,1456.9,1.7976931348623157e+308,1.7976931348623157e+308,0.0,1451.8,1451.7,1451.6,1451.5,1451.4,1451.9,1452.0,1452.1,1452.2,1452.3,14,22,25,25,31,15,26,29,29,25
20191126,09:47:26.0,2019-11-26 09:47:26,GC1912,COMEX,1451.8,0,14525,0.0,1455.1,1455.4,1451.4,1456.9,1456.9,1.7976931348623157e+308,1.7976931348623157e+308,0.0,1451.8,1451.7,1451.6,1451.5,1451.4,1451.9,1452.0,1452.1,1452.2,1452.3,14,22,25,25,31,15,26,29,29,25
20191126,09:47:26.0,2019-11-26 09:47:26,GC1912,COMEX,1451.8,0,14526,0.0,1455.1,1455.4,1451.4,1456.9,1456.9,1.7976931348623157e+308,1.7976931348623157e+308,0.0,1451.8,1451.7,1451.6,1451.5,1451.4,1451.9,1452.0,1452.1,1452.2,1452.3,15,22,25,25,31,8,26,29,29,25
20191126,09:47:27.0,2019-11-26 09:47:27,GC1912,COMEX,1451.8,0,14533,0.0,1455.1,1455.4,1451.4,1456.9,1456.9,1.7976931348623157e+308,1.7976931348623157e+308,0.0,1451.7,1451.6,1451.5,1451.4,1451.3,1451.8,1451.9,1452.0,1452.1,1452.2,16,24,25,31,37,7,24,28,28,29
20191126,09:47:27.0,2019-11-26 09:47:27,GC1912,COMEX,1451.8,0,14536,0.0,1455.1,1455.4,1451.4,1456.9,1456.9,1.7976931348623157e+308,1.7976931348623157e+308,0.0,1451.7,1451.6,1451.5,1451.4,1451.3,1451.8,1451.9,1452.0,1452.1,1452.2,6,21,24,31,37,16,26,28,28,29
20191126,09:47:27.0,2019-11-26 09:47:27,GC1912,COMEX,1451.8,0,14538,0.0,1455.1,1455.4,1451.4,1456.9,1456.9,1.7976931348623157e+308,1.7976931348623157e+308,0.0,1451.8,1451.7,1451.6,1451.5,1451.4,1451.9,1452.0,1452.1,1452.2,1452.3,6,23,24,24,31,18,27,28,29,25
20191126,09:47:28.0,2019-11-26 09:47:28,GC1912,COMEX,1451.8,0,14539,0.0,1455.1,1455.4,1451.4,1456.9,1456.9,1.7976931348623157e+308,1.7976931348623157e+308,0.0,1451.7,1451.6,1451.5,1451.4,1451.3,1451.8,1451.9,1452.0,1452.1,1452.2,11,24,24,31,37,9,26,28,27,29
20191126,09:47:28.0,2019-11-26 09:47:28,GC1912,COMEX,1451.8,0,14544,0.0,1455.1,1455.4,1451.4,1456.9,1456.9,1.7976931348623157e+308,1.7976931348623157e+308,0.0,1451.7,1451.6,1451.5,1451.4,1451.3,1451.8,1451.9,1452.0,1452.1,1452.2,18,23,24,31,37,1,24,28,27,29
20191126,09:47:28.0,2019-11-26 09:47:28,GC1912,COMEX,1451.7,0,14545,0.0,1455.1,1455.4,1451.4,1456.9,1456.9,1.7976931348623157e+308,1.7976931348623157e+308,0.0,1451.7,1451.6,1451.5,1451.4,1451.3,1451.8,1451.9,1452.0,1452.1,1452.2,3,21,24,31,37,17,25,29,27,29
20191126,09:47:28.0,2019-11-26 09:47:28,GC1912,COMEX,1451.7,0,14546,0.0,1455.1,1455.4,1451.4,1456.9,1456.9,1.7976931348623157e+308,1.7976931348623157e+308,0.0,1451.7,1451.6,1451.5,1451.4,1451.3,1451.8,1451.9,1452.0,1452.1,1452.2,17,25,24,31,36,9,26,29,29,27
20191126,09:47:29.0,2019-11-26 09:47:29,GC1912,COMEX,1451.8,0,14549,0.0,1455.1,1455.4,1451.4,1456.9,1456.9,1.7976931348623157e+308,1.7976931348623157e+308,0.0,1451.8,1451.7,1451.6,1451.5,1451.4,1451.9,1452.0,1452.1,1452.2,1452.3,2,22,25,24,32,23,27,30,28,25
20191126,09:47:29.0,2019-11-26 09:47:29,GC1912,COMEX,1451.8,0,14559,0.0,1455.1,1455.4,1451.4,1456.9,1456.9,1.7976931348623157e+308,1.7976931348623157e+308,0.0,1451.7,1451.6,1451.5,1451.4,1451.3,1451.8,1451.9,1452.0,1452.1,1452.2,15,24,24,28,36,14,24,29,28,29
20191126,09:47:30.0,2019-11-26 09:47:30,GC1912,COMEX,1451.7,0,14561,0.0,1455.1,1455.4,1451.4,1456.9,1456.9,1.7976931348623157e+308,1.7976931348623157e+308,0.0,1451.7,1451.6,1451.5,1451.4,1451.3,1451.8,1451.9,1452.0,1452.1,1452.2,8,23,24,28,36,13,24,29,28,29
20191126,09:47:30.0,2019-11-26 09:47:30,GC1912,COMEX,1451.8,0,14569,0.0,1455.1,1455.4,1451.4,1456.9,1456.9,1.7976931348623157e+308,1.7976931348623157e+308,0.0,1451.7,1451.6,1451.5,1451.4,1451.3,1451.8,1451.9,1452.0,1452.1,1452.2,13,24,24,28,36,3,27,26,27,29
20191126,09:47:30.0,2019-11-26 09:47:30,GC1912,COMEX,1451.7,0,14572,0.0,1455.1,1455.4,1451.4,1456.9,1456.9,1.7976931348623157e+308,1.7976931348623157e+308,0.0,1451.7,1451.6,1451.5,1451.4,1451.3,1451.8,1451.9,1452.0,1452.1,1452.2,11,24,24,28,36,11,27,27,28,29
20191126,09:47:31.0,2019-11-26 09:47:31,GC1912,COMEX,1451.7,0,14572,0.0,1455.1,1455.4,1451.4,1456.9,1456.9,1.7976931348623157e+308,1.7976931348623157e+308,0.0,1451.7,1451.6,1451.5,1451.4,1451.3,1451.8,1451.9,1452.0,1452.1,1452.2,13,24,24,28,36,11,26,27,28,29
20191126,09:47:31.0,2019-11-26 09:47:31,GC1912,COMEX,1451.8,0,14594,0.0,1455.1,1455.4,1451.4,1456.9,1456.9,1.7976931348623157e+308,1.7976931348623157e+308,0.0,1451.7,1451.6,1451.5,1451.4,1451.3,1451.8,1451.9,1452.0,1452.1,1452.2,14,25,24,28,36,9,24,30,28,29
20191126,09:47:32.0,2019-11-26 09:47:32,GC1912,COMEX,1451.8,0,14594,0.0,1455.1,1455.4,1451.4,1456.9,1456.9,1.7976931348623157e+308,1.7976931348623157e+308,0.0,1451.7,1451.6,1451.5,1451.4,1451.3,1451.8,1451.9,1452.0,1452.1,1452.2,16,25,24,28,37,3,24,25,29,33
20191126,09:47:32.0,2019-11-26 09:47:32,GC1912,COMEX,1451.8,0,14600,0.0,1455.1,1455.4,1451.4,1456.9,1456.9,1.7976931348623157e+308,1.7976931348623157e+308,0.0,1451.8,1451.7,1451.6,1451.5,1451.4,1451.9,1452.0,1452.1,1452.2,1452.3,7,22,26,24,28,21,25,29,33,26
20191126,09:47:33.0,2019-11-26 09:47:33,GC1912,COMEX,1451.9,0,14611,0.0,1455.1,1455.4,1451.4,1456.9,1456.9,1.7976931348623157e+308,1.7976931348623157e+308,0.0,1451.9,1451.8,1451.7,1451.6,1451.5,1452.0,1452.1,1452.2,1452.3,1452.4,1,17,25,26,24,24,28,31,26,26
20191126,09:47:33.0,2019-11-26 09:47:33,GC1912,COMEX,1451.9,0,14613,0.0,1455.1,1455.4,1451.4,1456.9,1456.9,1.7976931348623157e+308,1.7976931348623157e+308,0.0,1451.8,1451.7,1451.6,1451.5,1451.4,1451.9,1452.0,1452.1,1452.2,1452.3,16,25,27,24,28,2,29,26,31,26
20191126,09:47:33.0,2019-11-26 09:47:33,GC1912,COMEX,1451.8,0,14628,0.0,1455.1,1455.4,1451.4,1456.9,1456.9,1.7976931348623157e+308,1.7976931348623157e+308,0.0,1451.7,1451.6,1451.5,1451.4,1451.3,1451.9,1452.0,1452.1,1452.2,1452.3,18,25,24,28,36,20,25,27,35,26
20191126,09:47:33.0,2019-11-26 09:47:33,GC1912,COMEX,1451.8,0,14629,0.0,1455.1,1455.4,1451.4,1456.9,1456.9,1.7976931348623157e+308,1.7976931348623157e+308,0.0,1451.7,1451.6,1451.5,1451.4,1451.3,1451.8,1451.9,1452.0,1452.1,1452.2,16,25,24,28,36,2,21,25,27,35
20191126,09:47:34.0,2019-11-26 09:47:34,GC1912,COMEX,1451.8,0,14632,0.0,1455.1,1455.4,1451.4,1456.9,1456.9,1.7976931348623157e+308,1.7976931348623157e+308,0.0,1451.8,1451.7,1451.6,1451.5,1451.4,1451.9,1452.0,1452.1,1452.2,1452.3,14,25,26,24,28,6,24,27,35,26
20191126,09:47:35.0,2019-11-26 09:47:35,GC1912,COMEX,1451.8,0,14632,0.0,1455.1,1455.4,1451.4,1456.9,1456.9,1.7976931348623157e+308,1.7976931348623157e+308,0.0,1451.8,1451.7,1451.6,1451.5,1451.4,1451.9,1452.0,1452.1,1452.2,1452.3,16,24,25,24,30,6,26,27,35,26
20191126,09:47:35.0,2019-11-26 09:47:35,GC1912,COMEX,1451.8,0,14638,0.0,1455.1,1455.4,1451.4,1456.9,1456.9,1.7976931348623157e+308,1.7976931348623157e+308,0.0,1451.8,1451.7,1451.6,1451.5,1451.4,1451.9,1452.0,1452.1,1452.2,1452.3,9,24,26,24,28,18,28,27,31,26
20191126,09:47:36.0,2019-11-26 09:47:36,GC1912,COMEX,1451.8,0,14644,0.0,1455.1,1455.4,1451.4,1456.9,1456.9,1.7976931348623157e+308,1.7976931348623157e+308,0.0,1451.8,1451.7,1451.6,1451.5,1451.4,1451.9,1452.0,1452.1,1452.2,1452.3,5,24,26,24,28,19,28,28,30,26
20191126,09:47:36.0,2019-11-26 09:47:36,GC1912,COMEX,1451.9,0,14646,0.0,1455.1,1455.4,1451.4,1456.9,1456.9,1.7976931348623157e+308,1.7976931348623157e+308,0.0,1451.8,1451.7,1451.6,1451.5,1451.4,1451.9,1452.0,1452.1,1452.2,1452.3,5,24,26,24,28,17,28,30,35,26
20191126,09:47:37.0,2019-11-26 09:47:37,GC1912,COMEX,1451.9,0,14646,0.0,1455.1,1455.4,1451.4,1456.9,1456.9,1.7976931348623157e+308,1.7976931348623157e+308,0.0,1451.8,1451.7,1451.6,1451.5,1451.4,1451.9,1452.0,1452.1,1452.2,1452.3,13,25,26,24,28,6,27,31,31,30
20191126,09:47:37.0,2019-11-26 09:47:37,GC1912,COMEX,1451.8,0,14649,0.0,1455.1,1455.4,1451.4,1456.9,1456.9,1.7976931348623157e+308,1.7976931348623157e+308,0.0,1451.7,1451.6,1451.5,1451.4,1451.3,1451.8,1451.9,1452.0,1452.1,1452.2,19,25,24,28,38,5,31,29,35,31
20191126,09:47:38.0,2019-11-26 09:47:38,GC1912,COMEX,1451.8,0,14649,0.0,1455.1,1455.4,1451.4,1456.9,1456.9,1.7976931348623157e+308,1.7976931348623157e+308,0.0,1451.7,1451.6,1451.5,1451.4,1451.3,1451.8,1451.9,1452.0,1452.1,1452.2,19,25,24,28,38,9,31,33,31,31
20191126,09:47:38.0,2019-11-26 09:47:38,GC1912,COMEX,1451.8,0,14651,0.0,1455.1,1455.4,1451.4,1456.9,1456.9,1.7976931348623157e+308,1.7976931348623157e+308,0.0,1451.8,1451.7,1451.6,1451.5,1451.4,1451.9,1452.0,1452.1,1452.2,1452.3,6,22,25,24,28,29,33,31,31,26
20191126,09:47:38.0,2019-11-26 09:47:38,GC1912,COMEX,1451.9,0,14656,0.0,1455.1,1455.4,1451.4,1456.9,1456.9,1.7976931348623157e+308,1.7976931348623157e+308,0.0,1451.8,1451.7,1451.6,1451.5,1451.4,1451.9,1452.0,1452.1,1452.2,1452.3,16,24,27,24,28,9,30,31,31,26
20191126,09:47:39.0,2019-11-26 09:47:39,GC1912,COMEX,1451.9,0,14661,0.0,1455.1,1455.4,1451.4,1456.9,1456.9,1.7976931348623157e+308,1.7976931348623157e+308,0.0,1451.8,1451.7,1451.6,1451.5,1451.4,1451.9,1452.0,1452.1,1452.2,1452.3,17,25,27,24,28,2,27,26,39,26
20191126,09:47:40.0,2019-11-26 09:47:40,GC1912,COMEX,1451.8,0,14663,0.0,1455.1,1455.4,1451.4,1456.9,1456.9,1.7976931348623157e+308,1.7976931348623157e+308,0.0,1451.7,1451.6,1451.5,1451.4,1451.3,1451.8,1451.9,1452.0,1452.1,1452.2,18,25,24,28,38,8,28,33,27,31
