date,time,datetime,symbol,exchange,lastPrice,lastVolume,volume,openInterest,openPrice,highPrice,lowPrice,preClosePrice,preSettlementPrice,upperLimit,lowerLimit,turnover,bidPrice1,bidPrice2,bidPrice3,bidPrice4,bidPrice5,askPrice1,askPrice2,askPrice3,askPrice4,askPrice5,bidVolume1,bidVolume2,bidVolume3,bidVolume4,bidVolume5,askVolume1,askVolume2,askVolume3,askVolume4,askVolume5
20191128,15:09:58.0,2019-11-28 15:09:58,AH3M,LME,1764.5,0,654,0.0,1769.0,1770.5,1763.0,0.0,0.0,1.7976931348623157e+308,1.7976931348623157e+308,0.0,1763.5,1763.0,1762.5,1762.0,1761.5,1764.5,1765.0,1765.5,1766.0,1766.5,3,6,2,6,6,1,4,4,6,5
20191128,15:09:58.0,2019-11-28 15:09:58,AH3M,LME,1764.5,0,654,0.0,1769.0,1770.5,1763.0,0.0,0.0,1.7976931348623157e+308,1.7976931348623157e+308,0.0,1763.5,1763.0,1762.5,1762.0,1761.5,1764.5,1765.0,1765.5,1766.0,1766.5,3,6,2,6,6,1,4,4,6,5
20191128,15:11:02.0,2019-11-28 15:11:02,AH3M,LME,1765.0,0,656,0.0,1769.0,1770.5,1763.0,0.0,0.0,1.7976931348623157e+308,1.7976931348623157e+308,0.0,1764.5,1763.5,1763.0,1762.5,1762.0,1765.5,1766.0,1766.5,1767.0,1767.5,15,3,6,1,6,4,5,4,4,5
20191128,15:11:08.0,2019-11-28 15:11:08,AH3M,LME,1765.0,0,656,0.0,1769.0,1770.5,1763.0,0.0,0.0,1.7976931348623157e+308,1.7976931348623157e+308,0.0,1765.0,1764.5,1763.5,1763.0,1762.5,1765.5,1766.0,1766.5,1767.0,1767.5,1,15,2,6,3,2,5,4,4,5
20191128,15:11:28.0,2019-11-28 15:11:28,AH3M,LME,1765.0,0,657,0.0,1769.0,1770.5,1763.0,0.0,0.0,1.7976931348623157e+308,1.7976931348623157e+308,0.0,1764.5,1763.5,1763.0,1762.5,1762.0,1765.5,1766.0,1766.5,1767.0,1767.5,15,2,6,3,6,2,15,2,4,5
20191128,15:11:56.0,2019-11-28 15:11:56,AH3M,LME,1765.0,0,657,0.0,1769.0,1770.5,1763.0,0.0,0.0,1.7976931348623157e+308,1.7976931348623157e+308,0.0,1764.5,1763.5,1763.0,1762.5,1762.0,1765.5,1766.0,1766.5,1767.0,1767.5,15,2,6,3,6,5,15,2,4,5
20191128,15:11:57.0,2019-11-28 15:11:57,AH3M,LME,1765.0,0,657,0.0,1769.0,1770.5,1763.0,0.0,0.0,1.7976931348623157e+308,1.7976931348623157e+308,0.0,1764.5,1763.5,1763.0,1762.5,1762.0,1765.0,1765.5,1766.0,1766.5,1767.0,15,2,6,3,6,2,5,15,2,4
20191128,15:11:58.0,2019-11-28 15:11:58,AH3M,LME,1765.0,0,657,0.0,1769.0,1770.5,1763.0,0.0,0.0,1.7976931348623157e+308,1.7976931348623157e+308,0.0,1764.5,1763.5,1763.0,1762.5,1762.0,1765.0,1765.5,1766.0,1766.5,1767.0,15,2,6,3,6,3,5,15,2,4
20191128,15:12:09.0,2019-11-28 15:12:09,AH3M,LME,1765.0,0,657,0.0,1769.0,1770.5,1763.0,0.0,0.0,1.7976931348623157e+308,1.7976931348623157e+308,0.0,1764.5,1763.5,1763.0,1762.5,1762.0,1765.0,1765.5,1766.0,1766.5,1767.0,15,2,6,3,6,2,4,15,2,4
20191128,15:12:09.0,2019-11-28 15:12:09,AH3M,LME,1764.5,0,658,0.0,1769.0,1770.5,1763.0,0.0,0.0,1.7976931348623157e+308,1.7976931348623157e+308,0.0,1764.5,1763.5,1763.0,1762.5,1762.0,1765.0,1765.5,1766.0,1766.5,1767.0,14,2,6,3,6,2,4,15,2,4
20191128,15:12:11.0,2019-11-28 15:12:11,AH3M,LME,1765.0,0,659,0.0,1769.0,1770.5,1763.0,0.0,0.0,1.7976931348623157e+308,1.7976931348623157e+308,0.0,1764.5,1763.5,1763.0,1762.5,1762.0,1765.0,1765.5,1766.0,1766.5,1767.0,14,2,6,3,6,2,4,15,2,4
20191128,15:12:12.0,2019-11-28 15:12:12,AH3M,LME,1765.0,0,660,0.0,1769.0,1770.5,1763.0,0.0,0.0,1.7976931348623157e+308,1.7976931348623157e+308,0.0,1764.5,1763.5,1763.0,1762.5,1762.0,1765.5,1766.0,1766.5,1767.0,1767.5,14,2,6,3,6,4,15,2,4,5
20191128,15:13:14.0,2019-11-28 15:13:14,AH3M,LME,1765.5,0,664,0.0,1769.0,1770.5,1763.0,0.0,0.0,1.7976931348623157e+308,1.7976931348623157e+308,0.0,1765.0,1764.5,1763.5,1763.0,1762.5,1766.0,1766.5,1767.0,1767.5,1768.0,1,14,2,6,2,13,2,4,5,6
20191128,15:13:41.0,2019-11-28 15:13:41,AH3M,LME,1766.0,0,678,0.0,1769.0,1770.5,1763.0,0.0,0.0,1.7976931348623157e+308,1.7976931348623157e+308,0.0,1765.0,1764.0,1763.5,1763.0,1762.5,1766.5,1767.0,1767.5,1768.0,1768.5,3,2,7,8,2,6,3,5,6,9
20191128,15:14:31.0,2019-11-28 15:14:31,AH3M,LME,1766.0,0,678,0.0,1769.0,1770.5,1763.0,0.0,0.0,1.7976931348623157e+308,1.7976931348623157e+308,0.0,1765.0,1764.0,1763.5,1763.0,1762.5,1766.5,1767.0,1767.5,1768.0,1768.5,4,2,7,8,2,6,3,5,8,9
20191128,15:15:26.0,2019-11-28 15:15:26,AH3M,LME,1766.0,0,678,0.0,1769.0,1770.5,1763.0,0.0,0.0,1.7976931348623157e+308,1.7976931348623157e+308,0.0,1765.0,1764.0,1763.5,1763.0,1762.5,1766.5,1767.0,1767.5,1768.0,1768.5,4,2,7,6,2,7,3,5,8,9
20191128,15:16:27.0,2019-11-28 15:16:27,AH3M,LME,1766.0,0,683,0.0,1769.0,1770.5,1763.0,0.0,0.0,1.7976931348623157e+308,1.7976931348623157e+308,0.0,1765.0,1764.0,1763.5,1763.0,1762.5,1765.5,1766.0,1766.5,1767.0,1767.5,1,2,7,6,3,1,11,7,3,5
20191128,15:16:36.0,2019-11-28 15:16:36,AH3M,LME,1765.0,0,684,0.0,1769.0,1770.5,1763.0,0.0,0.0,1.7976931348623157e+308,1.7976931348623157e+308,0.0,1764.5,1764.0,1763.5,1763.0,1762.5,1765.5,1766.0,1766.5,1767.0,1767.5,1,2,7,6,3,4,11,6,3,5
20191128,15:16:37.0,2019-11-28 15:16:37,AH3M,LME,1765.0,0,684,0.0,1769.0,1770.5,1763.0,0.0,0.0,1.7976931348623157e+308,1.7976931348623157e+308,0.0,1764.5,1764.0,1763.5,1763.0,1762.5,1765.5,1766.0,1766.5,1767.0,1767.5,2,2,6,6,3,4,11,6,4,5
20191128,15:16:47.0,2019-11-28 15:16:47,AH3M,LME,1765.0,0,684,0.0,1769.0,1770.5,1763.0,0.0,0.0,1.7976931348623157e+308,1.7976931348623157e+308,0.0,1764.5,1764.0,1763.5,1763.0,1762.5,1765.5,1766.0,1766.5,1767.0,1767.5,2,2,6,6,3,5,11,6,4,5
20191128,15:16:48.0,2019-11-28 15:16:48,AH3M,LME,1765.0,0,684,0.0,1769.0,1770.5,1763.0,0.0,0.0,1.7976931348623157e+308,1.7976931348623157e+308,0.0,1764.5,1764.0,1763.5,1763.0,1762.5,1765.5,1766.0,1766.5,1767.0,1767.5,1,2,6,6,3,6,11,6,4,5
20191128,15:16:52.0,2019-11-28 15:16:52,AH3M,LME,1765.0,0,684,0.0,1769.0,1770.5,1763.0,0.0,0.0,1.7976931348623157e+308,1.7976931348623157e+308,0.0,1764.5,1764.0,1763.5,1763.0,1762.5,1765.5,1766.0,1766.5,1767.0,1767.5,1,2,6,6,3,5,11,6,4,5
20191128,15:16:53.0,2019-11-28 15:16:53,AH3M,LME,1764.5,0,685,0.0,1769.0,1770.5,1763.0,0.0,0.0,1.7976931348623157e+308,1.7976931348623157e+308,0.0,1764.0,1763.5,1763.0,1762.5,1762.0,1765.5,1766.0,1766.5,1767.0,1767.5,1,6,6,5,8,6,11,6,4,5
20191128,15:16:54.0,2019-11-28 15:16:54,AH3M,LME,1765.5,0,691,0.0,1769.0,1770.5,1763.0,0.0,0.0,1.7976931348623157e+308,1.7976931348623157e+308,0.0,1764.5,1764.0,1763.5,1763.0,1762.5,1765.5,1766.0,1766.5,1767.0,1767.5,1,6,6,6,5,2,12,6,4,5
20191128,15:16:59.0,2019-11-28 15:16:59,AH3M,LME,1765.5,0,691,0.0,1769.0,1770.5,1763.0,0.0,0.0,1.7976931348623157e+308,1.7976931348623157e+308,0.0,1764.5,1764.0,1763.5,1763.0,1762.5,1765.5,1766.0,1766.5,1767.0,1767.5,4,6,6,6,5,2,11,6,4,5
20191128,15:17:05.0,2019-11-28 15:17:05,AH3M,LME,1765.5,0,691,0.0,1769.0,1770.5,1763.0,0.0,0.0,1.7976931348623157e+308,1.7976931348623157e+308,0.0,1764.5,1764.0,1763.5,1763.0,1762.5,1765.0,1766.0,1766.5,1767.0,1767.5,4,6,6,6,5,1,11,6,4,5
20191128,15:17:06.0,2019-11-28 15:17:06,AH3M,LME,1765.5,0,691,0.0,1769.0,1770.5,1763.0,0.0,0.0,1.7976931348623157e+308,1.7976931348623157e+308,0.0,1764.5,1764.0,1763.5,1763.0,1762.5,1765.0,1765.5,1766.0,1766.5,1767.0,2,6,6,6,5,1,2,11,5,4
20191128,15:17:21.0,2019-11-28 15:17:21,AH3M,LME,1764.5,0,692,0.0,1769.0,1770.5,1763.0,0.0,0.0,1.7976931348623157e+308,1.7976931348623157e+308,0.0,1764.5,1764.0,1763.5,1763.0,1762.5,1765.0,1765.5,1766.0,1766.5,1767.0,2,6,6,6,5,1,2,11,5,4
20191128,15:17:21.0,2019-11-28 15:17:21,AH3M,LME,1764.5,0,693,0.0,1769.0,1770.5,1763.0,0.0,0.0,1.7976931348623157e+308,1.7976931348623157e+308,0.0,1764.0,1763.5,1763.0,1762.5,1762.0,1765.0,1765.5,1766.0,1766.5,1767.0,6,6,6,5,8,3,4,11,5,4
20191128,15:17:22.0,2019-11-28 15:17:22,AH3M,LME,1765.0,0,694,0.0,1769.0,1770.5,1763.0,0.0,0.0,1.7976931348623157e+308,1.7976931348623157e+308,0.0,1764.0,1763.5,1763.0,1762.5,1762.0,1765.0,1765.5,1766.0,1766.5,1767.0,6,6,6,5,8,3,4,11,5,4
20191128,15:17:26.0,2019-11-28 15:17:26,AH3M,LME,1765.0,0,694,0.0,1769.0,1770.5,1763.0,0.0,0.0,1.7976931348623157e+308,1.7976931348623157e+308,0.0,1764.0,1763.5,1763.0,1762.5,1762.0,1765.0,1765.5,1766.0,1766.5,1767.0,6,6,6,5,8,4,4,11,5,4
20191128,15:17:52.0,2019-11-28 15:17:52,AH3M,LME,1765.0,0,694,0.0,1769.0,1770.5,1763.0,0.0,0.0,1.7976931348623157e+308,1.7976931348623157e+308,0.0,1764.0,1763.5,1763.0,1762.5,1762.0,1765.0,1765.5,1766.0,1766.5,1767.0,7,6,6,5,8,4,4,11,5,4
20191128,15:18:23.0,2019-11-28 15:18:23,AH3M,LME,1764.0,0,709,0.0,1769.0,1770.5,1763.0,0.0,0.0,1.7976931348623157e+308,1.7976931348623157e+308,0.0,1764.0,1763.5,1763.0,1762.5,1762.0,1765.0,1765.5,1766.0,1766.5,1767.0,1,6,6,5,8,4,4,11,5,6
20191128,15:18:23.0,2019-11-28 15:18:23,AH3M,LME,1764.5,0,713,0.0,1769.0,1770.5,1763.0,0.0,0.0,1.7976931348623157e+308,1.7976931348623157e+308,0.0,1764.0,1763.5,1763.0,1762.5,1762.0,1765.0,1765.5,1766.0,1766.5,1767.0,2,6,6,5,8,4,4,11,5,6
20191128,15:19:02.0,2019-11-28 15:19:02,AH3M,LME,1764.5,0,713,0.0,1769.0,1770.5,1763.0,0.0,0.0,1.7976931348623157e+308,1.7976931348623157e+308,0.0,1764.0,1763.5,1763.0,1762.5,1762.0,1765.0,1765.5,1766.0,1766.5,1767.0,3,6,6,5,8,4,4,11,5,6
20191128,15:19:11.0,2019-11-28 15:19:11,AH3M,LME,1764.0,0,714,0.0,1769.0,1770.5,1763.0,0.0,0.0,1.7976931348623157e+308,1.7976931348623157e+308,0.0,1764.0,1763.5,1763.0,1762.5,1762.0,1765.0,1765.5,1766.0,1766.5,1767.0,3,6,6,5,8,4,4,11,5,6
20191128,15:19:12.0,2019-11-28 15:19:12,AH3M,LME,1764.0,0,714,0.0,1769.0,1770.5,1763.0,0.0,0.0,1.7976931348623157e+308,1.7976931348623157e+308,0.0,1764.0,1763.5,1763.0,1762.5,1762.0,1765.0,1765.5,1766.0,1766.5,1767.0,2,6,6,5,8,4,4,11,5,6
20191128,15:19:13.0,2019-11-28 15:19:13,AH3M,LME,1764.0,0,714,0.0,1769.0,1770.5,1763.0,0.0,0.0,1.7976931348623157e+308,1.7976931348623157e+308,0.0,1764.0,1763.5,1763.0,1762.5,1762.0,1765.0,1765.5,1766.0,1766.5,1767.0,3,7,6,5,8,4,4,11,5,4
20191128,15:19:16.0,2019-11-28 15:19:16,AH3M,LME,1764.0,0,714,0.0,1769.0,1770.5,1763.0,0.0,0.0,1.7976931348623157e+308,1.7976931348623157e+308,0.0,1764.0,1763.5,1763.0,1762.5,1762.0,1765.0,1765.5,1766.0,1766.5,1767.0,3,7,6,5,8,5,4,11,5,4
20191128,15:19:35.0,2019-11-28 15:19:35,AH3M,LME,1764.0,0,714,0.0,1769.0,1770.5,1763.0,0.0,0.0,1.7976931348623157e+308,1.7976931348623157e+308,0.0,1764.0,1763.5,1763.0,1762.5,1762.0,1765.0,1765.5,1766.0,1766.5,1767.0,4,7,6,5,8,5,4,11,5,4
20191128,15:20:35.0,2019-11-28 15:20:35,AH3M,LME,1765.0,0,715,0.0,1769.0,1770.5,1763.0,0.0,0.0,1.7976931348623157e+308,1.7976931348623157e+308,0.0,1764.0,1763.5,1763.0,1762.5,1762.0,1765.0,1765.5,1766.0,1766.5,1767.0,4,6,6,5,8,5,4,11,5,6
20191128,15:20:35.0,2019-11-28 15:20:35,AH3M,LME,1765.0,0,717,0.0,1769.0,1770.5,1763.0,0.0,0.0,1.7976931348623157e+308,1.7976931348623157e+308,0.0,1764.5,1764.0,1763.5,1763.0,1762.5,1765.0,1765.5,1766.0,1766.5,1767.0,1,4,6,6,5,3,5,11,5,6
20191128,15:20:50.0,2019-11-28 15:20:50,AH3M,LME,1764.5,0,718,0.0,1769.0,1770.5,1763.0,0.0,0.0,1.7976931348623157e+308,1.7976931348623157e+308,0.0,1764.0,1763.5,1763.0,1762.5,1762.0,1765.0,1765.5,1766.0,1766.5,1767.0,4,6,6,5,8,5,5,11,5,4
20191128,15:20:55.0,2019-11-28 15:20:55,AH3M,LME,1764.5,0,718,0.0,1769.0,1770.5,1763.0,0.0,0.0,1.7976931348623157e+308,1.7976931348623157e+308,0.0,1764.0,1763.5,1763.0,1762.5,1762.0,1764.5,1765.0,1765.5,1766.0,1766.5,4,6,6,5,8,1,5,5,11,5
20191128,15:20:56.0,2019-11-28 15:20:56,AH3M,LME,1764.5,0,719,0.0,1769.0,1770.5,1763.0,0.0,0.0,1.7976931348623157e+308,1.7976931348623157e+308,0.0,1764.0,1763.5,1763.0,1762.5,1762.0,1764.5,1765.0,1765.5,1766.0,1766.5,2,6,6,5,8,1,4,5,11,5
20191128,15:21:37.0,2019-11-28 15:21:37,AH3M,LME,1764.5,0,719,0.0,1769.0,1770.5,1763.0,0.0,0.0,1.7976931348623157e+308,1.7976931348623157e+308,0.0,1764.0,1763.5,1763.0,1762.5,1762.0,1764.5,1765.0,1765.5,1766.0,1766.5,2,6,6,5,8,2,4,5,11,5
20191128,15:21:42.0,2019-11-28 15:21:42,AH3M,LME,1764.5,0,719,0.0,1769.0,1770.5,1763.0,0.0,0.0,1.7976931348623157e+308,1.7976931348623157e+308,0.0,1764.0,1763.5,1763.0,1762.5,1762.0,1764.5,1765.0,1765.5,1766.0,1766.5,2,6,6,5,8,1,4,5,11,5
20191128,15:21:42.0,2019-11-28 15:21:42,AH3M,LME,1764.0,0,720,0.0,1769.0,1770.5,1763.0,0.0,0.0,1.7976931348623157e+308,1.7976931348623157e+308,0.0,1764.0,1763.5,1763.0,1762.5,1762.0,1764.5,1765.0,1765.5,1766.0,1766.5,1,6,6,5,8,1,4,5,11,5
20191128,15:21:54.0,2019-11-28 15:21:54,AH3M,LME,1764.0,0,720,0.0,1769.0,1770.5,1763.0,0.0,0.0,1.7976931348623157e+308,1.7976931348623157e+308,0.0,1764.0,1763.5,1763.0,1762.5,1762.0,1764.5,1765.0,1765.5,1766.0,1766.5,1,6,6,5,8,2,4,5,11,5
20191128,15:22:01.0,2019-11-28 15:22:01,AH3M,LME,1764.0,0,720,0.0,1769.0,1770.5,1763.0,0.0,0.0,1.7976931348623157e+308,1.7976931348623157e+308,0.0,1764.0,1763.5,1763.0,1762.5,1762.0,1764.5,1765.0,1765.5,1766.0,1766.5,1,6,6,5,8,1,3,5,11,5
20191128,15:22:34.0,2019-11-28 15:22:34,AH3M,LME,1764.0,0,720,0.0,1769.0,1770.5,1763.0,0.0,0.0,1.7976931348623157e+308,1.7976931348623157e+308,0.0,1764.0,1763.5,1763.0,1762.5,1762.0,1764.5,1765.0,1765.5,1766.0,1766.5,1,6,6,5,8,2,3,5,11,5
20191128,15:22:56.0,2019-11-28 15:22:56,AH3M,LME,1764.0,0,720,0.0,1769.0,1770.5,1763.0,0.0,0.0,1.7976931348623157e+308,1.7976931348623157e+308,0.0,1764.0,1763.5,1763.0,1762.5,1762.0,1764.5,1765.0,1765.5,1766.0,1766.5,2,6,6,5,8,2,3,5,11,5
20191128,15:23:09.0,2019-11-28 15:23:09,AH3M,LME,1764.0,0,722,0.0,1769.0,1770.5,1763.0,0.0,0.0,1.7976931348623157e+308,1.7976931348623157e+308,0.0,1764.0,1763.5,1763.0,1762.5,1762.0,1764.5,1765.0,1765.5,1766.0,1766.5,1,6,6,5,8,3,3,5,11,5
20191128,15:23:09.0,2019-11-28 15:23:09,AH3M,LME,1764.0,0,724,0.0,1769.0,1770.5,1763.0,0.0,0.0,1.7976931348623157e+308,1.7976931348623157e+308,0.0,1764.0,1763.5,1763.0,1762.5,1762.0,1764.5,1765.0,1765.5,1766.0,1766.5,1,5,6,5,8,3,3,5,11,5
20191128,15:23:11.0,2019-11-28 15:23:11,AH3M,LME,1764.0,0,725,0.0,1769.0,1770.5,1763.0,0.0,0.0,1.7976931348623157e+308,1.7976931348623157e+308,0.0,1764.0,1763.5,1763.0,1762.5,1762.0,1764.5,1765.0,1765.5,1766.0,1766.5,1,5,6,5,8,3,3,5,11,5
20191128,15:23:12.0,2019-11-28 15:23:12,AH3M,LME,1764.0,0,726,0.0,1769.0,1770.5,1763.0,0.0,0.0,1.7976931348623157e+308,1.7976931348623157e+308,0.0,1764.0,1763.5,1763.0,1762.5,1762.0,1764.5,1765.0,1765.5,1766.0,1766.5,1,5,6,5,8,3,3,5,11,5
20191128,15:23:13.0,2019-11-28 15:23:13,AH3M,LME,1764.0,0,728,0.0,1769.0,1770.5,1763.0,0.0,0.0,1.7976931348623157e+308,1.7976931348623157e+308,0.0,1763.5,1763.0,1762.5,1762.0,1761.5,1764.0,1764.5,1765.0,1765.5,1766.0,2,6,5,8,7,1,3,2,4,11
20191128,15:23:14.0,2019-11-28 15:23:14,AH3M,LME,1764.0,0,729,0.0,1769.0,1770.5,1763.0,0.0,0.0,1.7976931348623157e+308,1.7976931348623157e+308,0.0,1763.5,1763.0,1762.5,1762.0,1761.5,1764.0,1764.5,1765.0,1765.5,1766.0,1,6,4,8,7,3,2,2,4,11
20191128,15:23:18.0,2019-11-28 15:23:18,AH3M,LME,1763.5,0,730,0.0,1769.0,1770.5,1763.0,0.0,0.0,1.7976931348623157e+308,1.7976931348623157e+308,0.0,1763.0,1762.5,1762.0,1761.5,1761.0,1764.0,1764.5,1765.0,1765.5,1766.0,6,4,8,7,13,4,2,2,4,11
20191128,15:24:52.0,2019-11-28 15:24:52,AH3M,LME,1764.0,0,731,0.0,1769.0,1770.5,1763.0,0.0,0.0,1.7976931348623157e+308,1.7976931348623157e+308,0.0,1763.5,1763.0,1762.5,1762.0,1761.5,1764.0,1764.5,1765.0,1765.5,1766.0,2,7,4,8,7,1,2,2,4,11
20191128,15:25:35.0,2019-11-28 15:25:35,AH3M,LME,1764.0,0,732,0.0,1769.0,1770.5,1763.0,0.0,0.0,1.7976931348623157e+308,1.7976931348623157e+308,0.0,1763.5,1763.0,1762.5,1762.0,1761.5,1764.5,1764.5,1765.0,1765.5,1766.0,4,7,4,8,7,2,2,2,4,11
20191128,15:26:23.0,2019-11-28 15:26:23,AH3M,LME,1764.0,0,732,0.0,1769.0,1770.5,1763.0,0.0,0.0,1.7976931348623157e+308,1.7976931348623157e+308,0.0,1763.5,1763.0,1762.5,1762.0,1761.5,1764.5,1765.0,1765.5,1766.0,1766.5,5,7,4,8,7,1,2,4,11,5
20191128,15:26:28.0,2019-11-28 15:26:28,AH3M,LME,1764.0,0,732,0.0,1769.0,1770.5,1763.0,0.0,0.0,1.7976931348623157e+308,1.7976931348623157e+308,0.0,1763.5,1763.0,1762.5,1762.0,1761.5,1764.5,1765.0,1765.5,1766.0,1766.5,5,7,4,8,7,2,2,4,11,5
20191128,15:26:38.0,2019-11-28 15:26:38,AH3M,LME,1764.0,0,732,0.0,1769.0,1770.5,1763.0,0.0,0.0,1.7976931348623157e+308,1.7976931348623157e+308,0.0,1763.5,1763.0,1762.5,1762.0,1761.5,1764.5,1765.0,1765.5,1766.0,1766.5,5,7,4,8,7,2,2,4,11,5
20191128,15:26:38.0,2019-11-28 15:26:38,AH3M,LME,1763.5,0,733,0.0,1769.0,1770.5,1763.0,0.0,0.0,1.7976931348623157e+308,1.7976931348623157e+308,0.0,1763.5,1763.0,1762.5,1762.0,1761.5,1764.5,1765.0,1765.5,1766.0,1766.5,4,7,4,8,7,2,2,4,11,5
20191128,15:27:16.0,2019-11-28 15:27:16,AH3M,LME,1763.5,0,733,0.0,1769.0,1770.5,1763.0,0.0,0.0,1.7976931348623157e+308,1.7976931348623157e+308,0.0,1764.0,1763.0,1762.5,1762.0,1761.5,1764.5,1765.0,1765.5,1766.0,1766.5,1,7,4,8,7,2,2,4,11,5
20191128,15:27:17.0,2019-11-28 15:27:17,AH3M,LME,1763.5,0,733,0.0,1769.0,1770.5,1763.0,0.0,0.0,1.7976931348623157e+308,1.7976931348623157e+308,0.0,1764.0,1763.5,1763.0,1762.5,1762.0,1764.5,1765.0,1765.5,1766.0,1766.5,1,4,7,4,8,1,2,4,11,5
20191128,15:27:51.0,2019-11-28 15:27:51,AH3M,LME,1764.5,0,734,0.0,1769.0,1770.5,1763.0,0.0,0.0,1.7976931348623157e+308,1.7976931348623157e+308,0.0,1764.0,1763.5,1763.0,1762.5,1762.0,1765.0,1765.5,1766.0,1766.5,1767.0,3,4,7,4,8,2,4,11,5,4
20191128,15:27:52.0,2019-11-28 15:27:52,AH3M,LME,1764.5,0,734,0.0,1769.0,1770.5,1763.0,0.0,0.0,1.7976931348623157e+308,1.7976931348623157e+308,0.0,1764.0,1763.5,1763.0,1762.5,1762.0,1765.0,1765.5,1766.0,1766.5,1767.0,4,4,7,4,8,2,4,11,5,4
20191128,15:28:30.0,2019-11-28 15:28:30,AH3M,LME,1764.5,0,735,0.0,1769.0,1770.5,1763.0,0.0,0.0,1.7976931348623157e+308,1.7976931348623157e+308,0.0,1764.0,1763.5,1763.0,1762.5,1762.0,1765.0,1765.5,1766.0,1766.5,1767.0,4,4,7,4,8,2,4,11,5,4
20191128,15:29:06.0,2019-11-28 15:29:06,AH3M,LME,1764.5,0,735,0.0,1769.0,1770.5,1763.0,0.0,0.0,1.7976931348623157e+308,1.7976931348623157e+308,0.0,1764.0,1763.5,1763.0,1762.5,1762.0,1765.0,1765.5,1766.0,1766.5,1767.0,3,4,7,4,8,2,4,11,5,4
20191128,15:29:26.0,2019-11-28 15:29:26,AH3M,LME,1764.5,0,735,0.0,1769.0,1770.5,1763.0,0.0,0.0,1.7976931348623157e+308,1.7976931348623157e+308,0.0,1764.0,1763.5,1763.0,1762.5,1762.0,1765.0,1765.5,1766.0,1766.5,1767.0,4,4,7,4,8,3,4,11,5,4
20191128,15:29:42.0,2019-11-28 15:29:42,AH3M,LME,1764.5,0,735,0.0,1769.0,1770.5,1763.0,0.0,0.0,1.7976931348623157e+308,1.7976931348623157e+308,0.0,1764.0,1763.5,1763.0,1762.5,1762.0,1765.0,1765.5,1766.0,1766.5,1767.0,5,4,7,4,8,3,4,11,5,4
20191128,15:30:00.0,2019-11-28 15:30:00,AH3M,LME,1764.5,0,735,0.0,1769.0,1770.5,1763.0,0.0,0.0,1.7976931348623157e+308,1.7976931348623157e+308,0.0,1764.0,1763.5,1763.0,1762.5,1762.0,1765.0,1765.5,1766.0,1766.5,1767.0,6,4,7,4,8,3,4,11,5,4
20191128,15:30:01.0,2019-11-28 15:30:01,AH3M,LME,1764.5,0,735,0.0,1769.0,1770.5,1763.0,0.0,0.0,1.7976931348623157e+308,1.7976931348623157e+308,0.0,1764.5,1764.0,1763.5,1763.0,1762.5,1765.0,1765.5,1766.0,1766.5,1767.0,2,7,4,7,4,1,4,11,5,4
20191128,15:30:02.0,2019-11-28 15:30:02,AH3M,LME,1764.5,0,735,0.0,1769.0,1770.5,1763.0,0.0,0.0,1.7976931348623157e+308,1.7976931348623157e+308,0.0,1764.5,1764.0,1763.5,1763.0,1762.5,1765.0,1765.5,1766.0,1766.5,1767.0,4,5,4,7,4,1,4,11,5,4
20191128,15:30:06.0,2019-11-28 15:30:06,AH3M,LME,1765.0,0,736,0.0,1769.0,1770.5,1763.0,0.0,0.0,1.7976931348623157e+308,1.7976931348623157e+308,0.0,1764.5,1764.0,1763.5,1763.0,1762.5,1765.5,1766.0,1766.5,1767.0,1767.5,5,5,4,7,4,2,11,5,4,5
20191128,15:30:49.0,2019-11-28 15:30:49,AH3M,LME,1765.0,0,736,0.0,1769.0,1770.5,1763.0,0.0,0.0,1.7976931348623157e+308,1.7976931348623157e+308,0.0,1764.5,1764.0,1763.5,1763.0,1762.5,1765.5,1766.0,1766.5,1767.0,1767.5,4,5,4,7,4,3,11,5,4,5
20191128,15:31:18.0,2019-11-28 15:31:18,AH3M,LME,1765.0,0,736,0.0,1769.0,1770.5,1763.0,0.0,0.0,1.7976931348623157e+308,1.7976931348623157e+308,0.0,1764.5,1764.0,1763.5,1763.0,1762.5,1765.5,1766.0,1766.5,1767.0,1767.5,4,5,4,7,4,4,11,5,4,5
20191128,15:31:25.0,2019-11-28 15:31:25,AH3M,LME,1765.0,0,736,0.0,1769.0,1770.5,1763.0,0.0,0.0,1.7976931348623157e+308,1.7976931348623157e+308,0.0,1764.5,1764.0,1763.5,1763.0,1762.5,1765.5,1766.0,1766.5,1767.0,1767.5,4,5,4,7,4,3,11,5,4,5
20191128,15:31:25.0,2019-11-28 15:31:25,AH3M,LME,1764.5,0,737,0.0,1769.0,1770.5,1763.0,0.0,0.0,1.7976931348623157e+308,1.7976931348623157e+308,0.0,1764.5,1764.0,1763.5,1763.0,1762.5,1765.5,1766.0,1766.5,1767.0,1767.5,3,5,4,7,4,3,11,5,4,5
20191128,15:32:01.0,2019-11-28 15:32:01,AH3M,LME,1764.5,0,737,0.0,1769.0,1770.5,1763.0,0.0,0.0,1.7976931348623157e+308,1.7976931348623157e+308,0.0,1764.5,1764.0,1763.5,1763.0,1762.5,1765.5,1766.0,1766.5,1767.0,1767.5,4,5,4,7,4,3,11,5,4,5
20191128,15:32:26.0,2019-11-28 15:32:26,AH3M,LME,1764.5,0,737,0.0,1769.0,1770.5,1763.0,0.0,0.0,1.7976931348623157e+308,1.7976931348623157e+308,0.0,1764.5,1764.0,1763.5,1763.0,1762.5,1765.5,1766.0,1766.5,1767.0,1767.5,5,5,4,7,4,3,11,5,4,5
20191128,15:32:43.0,2019-11-28 15:32:43,AH3M,LME,1765.5,0,741,0.0,1769.0,1770.5,1763.0,0.0,0.0,1.7976931348623157e+308,1.7976931348623157e+308,0.0,1765.0,1764.5,1764.0,1763.5,1763.0,1766.0,1766.5,1767.0,1767.5,1768.0,3,5,5,3,7,11,5,4,5,8
20191128,15:32:44.0,2019-11-28 15:32:44,AH3M,LME,1765.5,0,741,0.0,1769.0,1770.5,1763.0,0.0,0.0,1.7976931348623157e+308,1.7976931348623157e+308,0.0,1765.0,1764.5,1764.0,1763.5,1763.0,1766.0,1766.5,1767.0,1767.5,1768.0,5,3,5,3,7,11,5,4,5,8
20191128,15:32:45.0,2019-11-28 15:32:45,AH3M,LME,1765.5,0,741,0.0,1769.0,1770.5,1763.0,0.0,0.0,1.7976931348623157e+308,1.7976931348623157e+308,0.0,1765.0,1764.5,1764.0,1763.5,1763.0,1766.0,1766.5,1767.0,1767.5,1768.0,6,2,5,3,7,11,5,4,5,8
20191128,15:33:22.0,2019-11-28 15:33:22,AH3M,LME,1765.5,0,741,0.0,1769.0,1770.5,1763.0,0.0,0.0,1.7976931348623157e+308,1.7976931348623157e+308,0.0,1765.0,1764.5,1764.0,1763.5,1763.0,1766.0,1766.5,1767.0,1767.5,1768.0,6,2,5,3,9,10,5,4,5,8
20191128,15:33:52.0,2019-11-28 15:33:52,AH3M,LME,1765.5,0,741,0.0,1769.0,1770.5,1763.0,0.0,0.0,1.7976931348623157e+308,1.7976931348623157e+308,0.0,1765.0,1764.5,1764.0,1763.5,1763.0,1765.5,1766.5,1767.0,1767.5,1768.0,6,2,5,3,7,1,5,4,5,8
20191128,15:34:17.0,2019-11-28 15:34:17,AH3M,LME,1765.5,0,741,0.0,1769.0,1770.5,1763.0,0.0,0.0,1.7976931348623157e+308,1.7976931348623157e+308,0.0,1765.0,1764.5,1764.0,1763.5,1763.0,1765.5,1766.0,1766.5,1767.0,1767.5,3,1,5,3,7,4,10,5,4,5
20191128,15:34:19.0,2019-11-28 15:34:19,AH3M,LME,1765.5,0,741,0.0,1769.0,1770.5,1763.0,0.0,0.0,1.7976931348623157e+308,1.7976931348623157e+308,0.0,1765.0,1764.5,1764.0,1763.5,1763.0,1765.5,1766.0,1766.5,1767.0,1767.5,3,1,5,3,7,3,10,5,4,5
20191128,15:34:35.0,2019-11-28 15:34:35,AH3M,LME,1765.5,0,741,0.0,1769.0,1770.5,1763.0,0.0,0.0,1.7976931348623157e+308,1.7976931348623157e+308,0.0,1765.0,1764.5,1764.0,1763.5,1763.0,1765.5,1766.0,1766.5,1767.0,1767.5,4,1,5,3,7,3,10,5,4,5
20191128,15:36:00.0,2019-11-28 15:36:00,AH3M,LME,1765.5,0,741,0.0,1769.0,1770.5,1763.0,0.0,0.0,1.7976931348623157e+308,1.7976931348623157e+308,0.0,1765.0,1764.5,1764.0,1763.5,1763.0,1765.5,1766.0,1766.5,1767.0,1767.5,4,1,5,3,7,4,10,5,4,5
20191128,15:36:07.0,2019-11-28 15:36:07,AH3M,LME,1765.0,0,745,0.0,1769.0,1770.5,1763.0,0.0,0.0,1.7976931348623157e+308,1.7976931348623157e+308,0.0,1764.0,1763.5,1763.0,1762.5,1762.0,1765.0,1765.5,1766.0,1766.5,1767.0,5,3,7,4,8,2,4,10,5,4
20191128,15:36:07.0,2019-11-28 15:36:07,AH3M,LME,1765.0,0,746,0.0,1769.0,1770.5,1763.0,0.0,0.0,1.7976931348623157e+308,1.7976931348623157e+308,0.0,1764.5,1764.0,1763.5,1763.0,1762.5,1765.0,1765.5,1766.0,1766.5,1767.0,1,5,3,7,4,1,4,10,5,4
20191128,15:36:09.0,2019-11-28 15:36:09,AH3M,LME,1765.0,0,746,0.0,1769.0,1770.5,1763.0,0.0,0.0,1.7976931348623157e+308,1.7976931348623157e+308,0.0,1764.5,1764.0,1763.5,1763.0,1762.5,1765.0,1765.5,1766.0,1766.5,1767.0,1,5,3,7,4,2,4,10,5,4
20191128,15:36:13.0,2019-11-28 15:36:13,AH3M,LME,1764.5,0,747,0.0,1769.0,1770.5,1763.0,0.0,0.0,1.7976931348623157e+308,1.7976931348623157e+308,0.0,1764.0,1763.5,1763.0,1762.5,1762.0,1765.0,1765.5,1766.0,1766.5,1767.0,5,3,7,4,8,2,4,10,5,4
20191128,15:36:38.0,2019-11-28 15:36:38,AH3M,LME,1764.5,0,747,0.0,1769.0,1770.5,1763.0,0.0,0.0,1.7976931348623157e+308,1.7976931348623157e+308,0.0,1764.0,1763.5,1763.0,1762.5,1762.0,1765.0,1765.5,1766.0,1766.5,1767.0,6,3,7,4,8,2,4,10,5,4
20191128,15:37:24.0,2019-11-28 15:37:24,AH3M,LME,1764.5,0,747,0.0,1769.0,1770.5,1763.0,0.0,0.0,1.7976931348623157e+308,1.7976931348623157e+308,0.0,1764.0,1763.5,1763.0,1762.5,1762.0,1765.0,1765.5,1766.0,1766.5,1767.0,6,3,7,4,8,3,5,10,5,4
20191128,15:37:41.0,2019-11-28 15:37:41,AH3M,LME,1764.5,0,748,0.0,1769.0,1770.5,1763.0,0.0,0.0,1.7976931348623157e+308,1.7976931348623157e+308,0.0,1764.0,1763.5,1763.0,1762.5,1762.0,1765.0,1765.5,1766.0,1766.5,1767.0,6,2,7,4,8,3,5,10,5,4
20191128,15:37:44.0,2019-11-28 15:37:44,AH3M,LME,1764.5,0,748,0.0,1769.0,1770.5,1763.0,0.0,0.0,1.7976931348623157e+308,1.7976931348623157e+308,0.0,1764.0,1763.5,1763.0,1762.5,1762.0,1765.0,1765.5,1766.0,1766.5,1767.0,6,2,7,4,8,2,5,10,5,4
20191128,15:39:59.0,2019-11-28 15:39:59,AH3M,LME,1764.5,0,748,0.0,1769.0,1770.5,1763.0,0.0,0.0,1.7976931348623157e+308,1.7976931348623157e+308,0.0,1764.5,1764.0,1763.5,1763.0,1762.5,1765.0,1765.5,1766.0,1766.5,1767.0,2,7,2,7,4,1,5,10,5,4
20191128,15:40:00.0,2019-11-28 15:40:00,AH3M,LME,1764.5,0,748,0.0,1769.0,1770.5,1763.0,0.0,0.0,1.7976931348623157e+308,1.7976931348623157e+308,0.0,1764.5,1764.0,1763.5,1763.0,1762.5,1765.5,1766.0,1766.5,1767.0,1767.5,4,5,2,7,4,5,10,5,4,5
20191128,15:40:39.0,2019-11-28 15:40:39,AH3M,LME,1764.5,0,748,0.0,1769.0,1770.5,1763.0,0.0,0.0,1.7976931348623157e+308,1.7976931348623157e+308,0.0,1764.5,1764.0,1763.5,1763.0,1762.5,1765.5,1766.0,1766.5,1767.0,1767.5,4,5,2,7,4,4,10,5,4,6
20191128,15:40:59.0,2019-11-28 15:40:59,AH3M,LME,1764.5,0,748,0.0,1769.0,1770.5,1763.0,0.0,0.0,1.7976931348623157e+308,1.7976931348623157e+308,0.0,1764.5,1764.0,1763.5,1763.0,1762.5,1765.5,1766.0,1766.5,1767.0,1767.5,4,5,2,7,4,5,10,5,4,6
20191128,15:41:04.0,2019-11-28 15:41:04,AH3M,LME,1764.5,0,748,0.0,1769.0,1770.5,1763.0,0.0,0.0,1.7976931348623157e+308,1.7976931348623157e+308,0.0,1764.5,1764.0,1763.5,1763.0,1762.5,1765.0,1766.0,1766.5,1767.0,1767.5,4,5,2,7,4,1,10,5,4,6
20191128,15:41:06.0,2019-11-28 15:41:06,AH3M,LME,1764.5,0,748,0.0,1769.0,1770.5,1763.0,0.0,0.0,1.7976931348623157e+308,1.7976931348623157e+308,0.0,1764.5,1764.0,1763.5,1763.0,1762.5,1765.0,1765.5,1766.0,1766.5,1767.0,4,5,2,7,4,2,4,10,5,4
20191128,15:41:08.0,2019-11-28 15:41:08,AH3M,LME,1764.5,0,748,0.0,1769.0,1770.5,1763.0,0.0,0.0,1.7976931348623157e+308,1.7976931348623157e+308,0.0,1764.5,1764.0,1763.5,1763.0,1762.5,1765.0,1765.5,1766.0,1766.5,1767.0,4,5,2,7,4,1,3,10,5,4
20191128,15:41:08.0,2019-11-28 15:41:08,AH3M,LME,1764.5,0,749,0.0,1769.0,1770.5,1763.0,0.0,0.0,1.7976931348623157e+308,1.7976931348623157e+308,0.0,1764.5,1764.0,1763.5,1763.0,1762.5,1765.0,1765.5,1766.0,1766.5,1767.0,3,5,2,7,4,1,3,10,5,4
20191128,15:41:53.0,2019-11-28 15:41:53,AH3M,LME,1764.5,0,749,0.0,1769.0,1770.5,1763.0,0.0,0.0,1.7976931348623157e+308,1.7976931348623157e+308,0.0,1764.5,1764.0,1763.5,1763.0,1762.5,1765.0,1765.5,1766.0,1766.5,1767.0,2,5,2,7,4,2,3,10,5,4
20191128,15:41:57.0,2019-11-28 15:41:57,AH3M,LME,1764.5,0,749,0.0,1769.0,1770.5,1763.0,0.0,0.0,1.7976931348623157e+308,1.7976931348623157e+308,0.0,1764.5,1764.0,1763.5,1763.0,1762.5,1765.0,1765.5,1766.0,1766.5,1767.0,2,5,2,7,4,1,3,10,5,4
20191128,15:42:55.0,2019-11-28 15:42:55,AH3M,LME,1764.5,0,749,0.0,1769.0,1770.5,1763.0,0.0,0.0,1.7976931348623157e+308,1.7976931348623157e+308,0.0,1764.5,1764.0,1763.5,1763.0,1762.5,1765.0,1765.5,1766.0,1766.5,1767.0,3,5,2,7,4,1,3,10,5,4
20191128,15:43:09.0,2019-11-28 15:43:09,AH3M,LME,1764.5,0,749,0.0,1769.0,1770.5,1763.0,0.0,0.0,1.7976931348623157e+308,1.7976931348623157e+308,0.0,1764.5,1764.0,1763.5,1763.0,1762.5,1765.0,1765.5,1766.0,1766.5,1767.0,5,5,2,7,4,1,3,10,5,4
20191128,15:43:25.0,2019-11-28 15:43:25,AH3M,LME,1764.5,0,749,0.0,1769.0,1770.5,1763.0,0.0,0.0,1.7976931348623157e+308,1.7976931348623157e+308,0.0,1764.5,1764.0,1763.5,1763.0,1762.5,1765.0,1765.5,1766.0,1766.5,1767.0,5,5,2,7,4,2,3,10,5,4
20191128,15:44:43.0,2019-11-28 15:44:43,AH3M,LME,1764.5,0,749,0.0,1769.0,1770.5,1763.0,0.0,0.0,1.7976931348623157e+308,1.7976931348623157e+308,0.0,1764.5,1764.0,1763.5,1763.0,1762.5,1765.0,1765.5,1766.0,1766.5,1767.0,6,5,2,7,4,2,3,10,5,4
20191128,15:45:16.0,2019-11-28 15:45:16,AH3M,LME,1764.5,0,750,0.0,1769.0,1770.5,1763.0,0.0,0.0,1.7976931348623157e+308,1.7976931348623157e+308,0.0,1764.5,1764.0,1763.5,1763.0,1762.5,1765.0,1765.5,1766.0,1766.5,1767.0,6,5,2,7,4,2,3,10,5,4
20191128,15:45:50.0,2019-11-28 15:45:50,AH3M,LME,1764.5,0,750,0.0,1769.0,1770.5,1763.0,0.0,0.0,1.7976931348623157e+308,1.7976931348623157e+308,0.0,1764.5,1764.0,1763.5,1763.0,1762.5,1765.0,1765.5,1766.0,1766.5,1767.0,5,5,2,7,4,3,3,10,5,4
20191128,15:45:56.0,2019-11-28 15:45:56,AH3M,LME,1764.5,0,750,0.0,1769.0,1770.5,1763.0,0.0,0.0,1.7976931348623157e+308,1.7976931348623157e+308,0.0,1764.5,1764.0,1763.5,1763.0,1762.5,1765.0,1765.5,1766.0,1766.5,1767.0,4,5,2,7,4,2,3,10,5,4
20191128,15:45:56.0,2019-11-28 15:45:56,AH3M,LME,1764.5,0,751,0.0,1769.0,1770.5,1763.0,0.0,0.0,1.7976931348623157e+308,1.7976931348623157e+308,0.0,1764.5,1764.0,1763.5,1763.0,1762.5,1765.0,1765.5,1766.0,1766.5,1767.0,3,5,2,7,4,2,3,10,5,4
20191128,15:47:59.0,2019-11-28 15:47:59,AH3M,LME,1764.5,0,751,0.0,1769.0,1770.5,1763.0,0.0,0.0,1.7976931348623157e+308,1.7976931348623157e+308,0.0,1764.5,1764.0,1763.5,1763.0,1762.5,1765.0,1765.5,1766.0,1766.5,1767.0,4,5,2,7,4,2,3,10,5,4
20191128,15:50:05.0,2019-11-28 15:50:05,AH3M,LME,1764.5,0,751,0.0,1769.0,1770.5,1763.0,0.0,0.0,1.7976931348623157e+308,1.7976931348623157e+308,0.0,1764.5,1764.0,1763.5,1763.0,1762.5,1765.0,1765.5,1766.0,1766.5,1767.0,6,5,2,7,4,2,3,10,5,4
20191128,15:50:40.0,2019-11-28 15:50:40,AH3M,LME,1764.5,0,751,0.0,1769.0,1770.5,1763.0,0.0,0.0,1.7976931348623157e+308,1.7976931348623157e+308,0.0,1764.5,1764.0,1763.5,1763.0,1762.5,1765.0,1765.5,1766.0,1766.5,1767.0,6,5,2,7,4,3,3,10,5,4
20191128,15:50:51.0,2019-11-28 15:50:51,AH3M,LME,1764.5,0,751,0.0,1769.0,1770.5,1763.0,0.0,0.0,1.7976931348623157e+308,1.7976931348623157e+308,0.0,1764.5,1764.0,1763.5,1763.0,1762.5,1765.0,1765.5,1766.0,1766.5,1767.0,6,5,2,7,4,2,3,10,5,4
20191128,15:50:51.0,2019-11-28 15:50:51,AH3M,LME,1764.5,0,752,0.0,1769.0,1770.5,1763.0,0.0,0.0,1.7976931348623157e+308,1.7976931348623157e+308,0.0,1764.5,1764.0,1763.5,1763.0,1762.5,1765.0,1765.5,1766.0,1766.5,1767.0,5,5,2,7,4,2,3,10,5,4
20191128,15:52:46.0,2019-11-28 15:52:46,AH3M,LME,1765.0,0,754,0.0,1769.0,1770.5,1763.0,0.0,0.0,1.7976931348623157e+308,1.7976931348623157e+308,0.0,1765.0,1764.5,1764.0,1763.5,1763.0,1765.5,1766.0,1766.5,1767.0,1767.5,2,6,5,2,7,1,10,5,4,6
20191128,15:52:47.0,2019-11-28 15:52:47,AH3M,LME,1765.0,0,754,0.0,1769.0,1770.5,1763.0,0.0,0.0,1.7976931348623157e+308,1.7976931348623157e+308,0.0,1765.0,1764.5,1764.0,1763.5,1763.0,1765.5,1766.0,1766.5,1767.0,1767.5,8,2,5,2,7,1,10,5,4,6
20191128,15:54:25.0,2019-11-28 15:54:25,AH3M,LME,1765.5,0,755,0.0,1769.0,1770.5,1763.0,0.0,0.0,1.7976931348623157e+308,1.7976931348623157e+308,0.0,1765.5,1765.0,1764.5,1764.0,1763.5,1766.0,1766.5,1767.0,1767.5,1768.0,5,8,2,4,2,10,5,4,6,8
20191128,15:54:26.0,2019-11-28 15:54:26,AH3M,LME,1765.5,0,755,0.0,1769.0,1770.5,1763.0,0.0,0.0,1.7976931348623157e+308,1.7976931348623157e+308,0.0,1765.5,1765.0,1764.5,1764.0,1763.5,1766.0,1766.5,1767.0,1767.5,1768.0,6,7,2,4,2,11,3,4,6,8
20191128,15:54:27.0,2019-11-28 15:54:27,AH3M,LME,1765.5,0,755,0.0,1769.0,1770.5,1763.0,0.0,0.0,1.7976931348623157e+308,1.7976931348623157e+308,0.0,1765.5,1765.0,1764.5,1764.0,1763.5,1766.0,1766.5,1767.0,1767.5,1768.0,8,5,2,4,2,11,3,4,6,8
20191128,15:55:31.0,2019-11-28 15:55:31,AH3M,LME,1765.5,0,755,0.0,1769.0,1770.5,1763.0,0.0,0.0,1.7976931348623157e+308,1.7976931348623157e+308,0.0,1765.5,1765.0,1764.5,1764.0,1763.5,1766.0,1766.5,1767.0,1767.5,1768.0,11,1,2,4,4,12,3,4,6,8
20191128,15:55:40.0,2019-11-28 15:55:40,AH3M,LME,1765.5,0,755,0.0,1769.0,1770.5,1763.0,0.0,0.0,1.7976931348623157e+308,1.7976931348623157e+308,0.0,1765.5,1765.0,1764.5,1764.0,1763.5,1766.0,1766.5,1767.0,1767.5,1768.0,11,1,2,4,4,11,3,4,6,8
20191128,15:55:40.0,2019-11-28 15:55:40,AH3M,LME,1765.5,0,756,0.0,1769.0,1770.5,1763.0,0.0,0.0,1.7976931348623157e+308,1.7976931348623157e+308,0.0,1765.5,1765.0,1764.5,1764.0,1763.5,1766.0,1766.5,1767.0,1767.5,1768.0,9,1,2,4,4,11,3,4,6,8
20191128,15:55:40.0,2019-11-28 15:55:40,AH3M,LME,1765.5,0,757,0.0,1769.0,1770.5,1763.0,0.0,0.0,1.7976931348623157e+308,1.7976931348623157e+308,0.0,1765.5,1765.0,1764.5,1764.0,1763.5,1766.0,1766.5,1767.0,1767.5,1768.0,8,1,2,4,4,11,3,4,6,8
20191128,15:55:42.0,2019-11-28 15:55:42,AH3M,LME,1765.5,0,757,0.0,1769.0,1770.5,1763.0,0.0,0.0,1.7976931348623157e+308,1.7976931348623157e+308,0.0,1765.5,1765.0,1764.5,1764.0,1763.5,1766.0,1766.5,1767.0,1767.5,1768.0,8,1,2,4,4,12,3,4,6,8
20191128,15:57:14.0,2019-11-28 15:57:14,AH3M,LME,1765.5,0,765,0.0,1769.0,1770.5,1763.0,0.0,0.0,1.7976931348623157e+308,1.7976931348623157e+308,0.0,1765.0,1764.5,1764.0,1763.5,1763.0,1765.5,1766.0,1766.5,1767.0,1767.5,1,2,4,4,9,3,12,3,4,6
20191128,15:57:16.0,2019-11-28 15:57:16,AH3M,LME,1765.5,0,765,0.0,1769.0,1770.5,1763.0,0.0,0.0,1.7976931348623157e+308,1.7976931348623157e+308,0.0,1764.5,1764.0,1763.5,1763.0,1762.5,1765.5,1766.0,1766.5,1767.0,1767.5,4,4,4,7,5,4,12,3,4,6
20191128,15:57:24.0,2019-11-28 15:57:24,AH3M,LME,1765.5,0,765,0.0,1769.0,1770.5,1763.0,0.0,0.0,1.7976931348623157e+308,1.7976931348623157e+308,0.0,1764.5,1764.0,1763.5,1763.0,1762.5,1765.5,1766.0,1766.5,1767.0,1767.5,4,4,4,7,5,5,12,3,4,6
20191128,15:58:34.0,2019-11-28 15:58:34,AH3M,LME,1765.5,0,765,0.0,1769.0,1770.5,1763.0,0.0,0.0,1.7976931348623157e+308,1.7976931348623157e+308,0.0,1764.5,1764.0,1763.5,1763.0,1762.5,1765.5,1766.0,1766.5,1767.0,1767.5,5,4,4,7,4,5,12,3,4,6
20191128,15:59:59.0,2019-11-28 15:59:59,AH3M,LME,1765.5,0,765,0.0,1769.0,1770.5,1763.0,0.0,0.0,1.7976931348623157e+308,1.7976931348623157e+308,0.0,1765.0,1764.0,1763.5,1763.0,1762.5,1765.5,1766.0,1766.5,1767.0,1767.5,2,4,4,7,4,3,12,3,4,6
20191128,16:00:00.0,2019-11-28 16:00:00,AH3M,LME,1765.5,0,765,0.0,1769.0,1770.5,1763.0,0.0,0.0,1.7976931348623157e+308,1.7976931348623157e+308,0.0,1765.0,1764.5,1764.0,1763.5,1763.0,1765.5,1766.0,1766.5,1767.0,1767.5,4,5,4,4,7,3,12,3,4,6
20191128,16:00:01.0,2019-11-28 16:00:01,AH3M,LME,1765.5,0,765,0.0,1769.0,1770.5,1763.0,0.0,0.0,1.7976931348623157e+308,1.7976931348623157e+308,0.0,1765.0,1764.5,1764.0,1763.5,1763.0,1765.5,1766.0,1766.5,1767.0,1767.5,6,3,4,4,7,3,12,3,4,6
20191128,16:00:03.0,2019-11-28 16:00:03,AH3M,LME,1765.5,0,765,0.0,1769.0,1770.5,1763.0,0.0,0.0,1.7976931348623157e+308,1.7976931348623157e+308,0.0,1765.0,1764.5,1764.0,1763.5,1763.0,1765.5,1766.0,1766.5,1767.0,1767.5,8,3,4,4,7,2,12,3,4,6
20191128,16:00:15.0,2019-11-28 16:00:15,AH3M,LME,1765.5,0,765,0.0,1769.0,1770.5,1763.0,0.0,0.0,1.7976931348623157e+308,1.7976931348623157e+308,0.0,1765.0,1764.5,1764.0,1763.5,1763.0,1765.5,1766.0,1766.5,1767.0,1767.5,9,3,4,4,7,2,12,3,4,6
20191128,16:00:21.0,2019-11-28 16:00:21,AH3M,LME,1765.5,0,765,0.0,1769.0,1770.5,1763.0,0.0,0.0,1.7976931348623157e+308,1.7976931348623157e+308,0.0,1765.0,1764.5,1764.0,1763.5,1763.0,1765.5,1766.0,1766.5,1767.0,1767.5,8,3,4,4,7,10,12,3,4,6
20191128,16:00:21.0,2019-11-28 16:00:21,AH3M,LME,1765.0,0,772,0.0,1769.0,1770.5,1763.0,0.0,0.0,1.7976931348623157e+308,1.7976931348623157e+308,0.0,1764.5,1764.0,1763.5,1763.0,1762.5,1765.0,1765.5,1766.0,1766.5,1767.0,2,4,4,7,4,3,12,12,3,3
20191128,16:00:21.0,2019-11-28 16:00:21,AH3M,LME,1765.0,0,774,0.0,1769.0,1770.5,1763.0,0.0,0.0,1.7976931348623157e+308,1.7976931348623157e+308,0.0,1764.0,1764.0,1763.5,1763.0,1762.5,1765.0,1765.5,1766.0,1766.5,1767.0,5,4,4,7,4,11,4,11,3,3
20191128,16:00:21.0,2019-11-28 16:00:21,AH3M,LME,1764.5,0,784,0.0,1769.0,1770.5,1763.0,0.0,0.0,1.7976931348623157e+308,1.7976931348623157e+308,0.0,1764.5,1764.0,1763.5,1763.0,1762.5,1765.0,1765.5,1766.0,1766.5,1767.0,6,5,4,7,4,1,4,10,3,3
20191128,16:00:26.0,2019-11-28 16:00:26,AH3M,LME,1764.5,0,784,0.0,1769.0,1770.5,1763.0,0.0,0.0,1.7976931348623157e+308,1.7976931348623157e+308,0.0,1764.5,1764.0,1763.5,1763.0,1762.5,1765.0,1765.5,1766.0,1766.5,1767.0,6,5,4,7,4,2,3,10,3,3
20191128,16:00:27.0,2019-11-28 16:00:27,AH3M,LME,1764.5,0,784,0.0,1769.0,1770.5,1763.0,0.0,0.0,1.7976931348623157e+308,1.7976931348623157e+308,0.0,1764.5,1764.0,1763.5,1763.0,1762.5,1765.0,1765.5,1766.0,1766.5,1767.0,5,5,4,7,4,2,3,10,3,3
20191128,16:00:29.0,2019-11-28 16:00:29,AH3M,LME,1764.5,0,784,0.0,1769.0,1770.5,1763.0,0.0,0.0,1.7976931348623157e+308,1.7976931348623157e+308,0.0,1764.0,1763.5,1763.0,1762.5,1762.0,1765.0,1765.5,1766.0,1766.5,1767.0,5,4,7,4,8,5,2,10,3,6
20191128,16:00:30.0,2019-11-28 16:00:30,AH3M,LME,1764.5,0,784,0.0,1769.0,1770.5,1763.0,0.0,0.0,1.7976931348623157e+308,1.7976931348623157e+308,0.0,1764.0,1763.5,1763.0,1762.5,1762.0,1765.0,1765.5,1766.0,1766.5,1767.0,5,4,7,4,8,6,2,10,3,4
20191128,16:00:34.0,2019-11-28 16:00:34,AH3M,LME,1764.0,0,785,0.0,1769.0,1770.5,1763.0,0.0,0.0,1.7976931348623157e+308,1.7976931348623157e+308,0.0,1764.0,1763.5,1763.0,1762.5,1762.0,1764.5,1765.0,1765.5,1766.0,1766.5,5,4,7,4,8,1,5,2,10,3
20191128,16:00:35.0,2019-11-28 16:00:35,AH3M,LME,1764.0,0,785,0.0,1769.0,1770.5,1763.0,0.0,0.0,1.7976931348623157e+308,1.7976931348623157e+308,0.0,1764.0,1763.5,1763.0,1762.5,1762.0,1764.5,1765.0,1765.5,1766.0,1766.5,5,4,7,4,8,2,4,2,10,3
20191128,16:00:37.0,2019-11-28 16:00:37,AH3M,LME,1764.0,0,785,0.0,1769.0,1770.5,1763.0,0.0,0.0,1.7976931348623157e+308,1.7976931348623157e+308,0.0,1764.0,1763.5,1763.0,1762.5,1762.0,1764.5,1765.0,1765.5,1766.0,1766.5,6,4,7,4,8,3,3,2,10,3
20191128,16:00:38.0,2019-11-28 16:00:38,AH3M,LME,1764.0,0,791,0.0,1769.0,1770.5,1763.0,0.0,0.0,1.7976931348623157e+308,1.7976931348623157e+308,0.0,1764.0,1763.5,1763.0,1762.5,1762.0,1764.5,1765.0,1765.5,1766.0,1766.5,2,5,7,4,8,3,3,2,10,4
20191128,16:00:47.0,2019-11-28 16:00:47,AH3M,LME,1764.0,0,791,0.0,1769.0,1770.5,1763.0,0.0,0.0,1.7976931348623157e+308,1.7976931348623157e+308,0.0,1764.0,1763.5,1763.0,1762.5,1762.0,1764.5,1765.0,1765.5,1766.0,1766.5,1,4,7,4,8,4,3,2,10,4
20191128,16:00:47.0,2019-11-28 16:00:47,AH3M,LME,1764.0,0,794,0.0,1769.0,1770.5,1763.0,0.0,0.0,1.7976931348623157e+308,1.7976931348623157e+308,0.0,1764.0,1763.5,1763.0,1762.5,1762.0,1764.5,1765.0,1765.5,1766.0,1766.5,1,4,7,4,8,4,3,2,10,4
20191128,16:00:48.0,2019-11-28 16:00:48,AH3M,LME,1764.0,0,794,0.0,1769.0,1770.5,1763.0,0.0,0.0,1.7976931348623157e+308,1.7976931348623157e+308,0.0,1764.0,1763.5,1763.0,1762.5,1762.0,1764.5,1765.0,1765.5,1766.0,1766.5,2,4,7,4,8,3,3,2,10,4
20191128,16:00:58.0,2019-11-28 16:00:58,AH3M,LME,1764.0,0,797,0.0,1769.0,1770.5,1763.0,0.0,0.0,1.7976931348623157e+308,1.7976931348623157e+308,0.0,1764.0,1763.5,1763.0,1762.5,1762.0,1764.5,1765.0,1765.5,1766.0,1766.5,1,4,7,4,8,3,3,2,10,4
20191128,16:01:02.0,2019-11-28 16:01:02,AH3M,LME,1764.0,0,797,0.0,1769.0,1770.5,1763.0,0.0,0.0,1.7976931348623157e+308,1.7976931348623157e+308,0.0,1764.0,1763.5,1763.0,1762.5,1762.0,1764.5,1765.0,1765.5,1766.0,1766.5,2,4,7,4,8,3,3,2,10,4
20191128,16:01:07.0,2019-11-28 16:01:07,AH3M,LME,1764.0,0,797,0.0,1769.0,1770.5,1763.0,0.0,0.0,1.7976931348623157e+308,1.7976931348623157e+308,0.0,1764.0,1763.5,1763.0,1762.5,1762.0,1764.5,1765.0,1765.5,1766.0,1766.5,3,4,7,4,8,3,3,2,10,4
20191128,16:01:12.0,2019-11-28 16:01:12,AH3M,LME,1764.0,0,797,0.0,1769.0,1770.5,1763.0,0.0,0.0,1.7976931348623157e+308,1.7976931348623157e+308,0.0,1764.0,1763.5,1763.0,1762.5,1762.0,1764.5,1765.0,1765.5,1766.0,1766.5,2,4,7,4,8,3,3,2,10,4
20191128,16:01:16.0,2019-11-28 16:01:16,AH3M,LME,1764.0,0,797,0.0,1769.0,1770.5,1763.0,0.0,0.0,1.7976931348623157e+308,1.7976931348623157e+308,0.0,1764.0,1763.5,1763.0,1762.5,1762.0,1764.5,1765.0,1765.5,1766.0,1766.5,2,4,7,4,8,4,3,2,10,4
20191128,16:01:17.0,2019-11-28 16:01:17,AH3M,LME,1764.0,0,797,0.0,1769.0,1770.5,1763.0,0.0,0.0,1.7976931348623157e+308,1.7976931348623157e+308,0.0,1764.0,1763.5,1763.0,1762.5,1762.0,1764.5,1765.0,1765.5,1766.0,1766.5,1,4,7,4,8,4,3,2,10,4
20191128,16:01:17.0,2019-11-28 16:01:17,AH3M,LME,1764.0,0,798,0.0,1769.0,1770.5,1763.0,0.0,0.0,1.7976931348623157e+308,1.7976931348623157e+308,0.0,1764.0,1763.5,1763.0,1762.5,1762.0,1764.5,1765.0,1765.5,1766.0,1766.5,1,4,7,4,8,4,3,2,10,4
20191128,16:01:17.0,2019-11-28 16:01:17,AH3M,LME,1764.0,0,799,0.0,1769.0,1770.5,1763.0,0.0,0.0,1.7976931348623157e+308,1.7976931348623157e+308,0.0,1764.0,1763.5,1763.0,1762.5,1762.0,1764.5,1765.0,1765.5,1766.0,1766.5,1,4,7,4,8,4,3,2,10,4
20191128,16:01:29.0,2019-11-28 16:01:29,AH3M,LME,1764.0,0,799,0.0,1769.0,1770.5,1763.0,0.0,0.0,1.7976931348623157e+308,1.7976931348623157e+308,0.0,1764.0,1763.5,1763.0,1762.5,1762.0,1764.5,1765.0,1765.5,1766.0,1766.5,1,4,7,4,8,5,3,2,10,4
20191128,16:01:58.0,2019-11-28 16:01:58,AH3M,LME,1764.0,0,799,0.0,1769.0,1770.5,1763.0,0.0,0.0,1.7976931348623157e+308,1.7976931348623157e+308,0.0,1764.0,1763.5,1763.0,1762.5,1762.0,1764.5,1765.0,1765.5,1766.0,1766.5,3,4,7,4,8,5,3,2,10,4
20191128,16:02:20.0,2019-11-28 16:02:20,AH3M,LME,1764.0,0,799,0.0,1769.0,1770.5,1763.0,0.0,0.0,1.7976931348623157e+308,1.7976931348623157e+308,0.0,1764.0,1763.5,1763.0,1762.5,1762.0,1764.5,1765.0,1765.5,1766.0,1766.5,2,4,7,4,8,6,3,2,10,4
20191128,16:02:30.0,2019-11-28 16:02:30,AH3M,LME,1764.0,0,801,0.0,1769.0,1770.5,1763.0,0.0,0.0,1.7976931348623157e+308,1.7976931348623157e+308,0.0,1764.0,1763.5,1763.0,1762.5,1762.0,1764.5,1765.0,1765.5,1766.0,1766.5,1,4,7,4,8,6,3,2,10,4
20191128,16:02:31.0,2019-11-28 16:02:31,AH3M,LME,1764.0,0,803,0.0,1769.0,1770.5,1763.0,0.0,0.0,1.7976931348623157e+308,1.7976931348623157e+308,0.0,1764.0,1763.5,1763.0,1762.5,1762.0,1764.5,1765.0,1765.5,1766.0,1766.5,1,4,7,4,8,5,3,1,10,4
20191128,16:02:40.0,2019-11-28 16:02:40,AH3M,LME,1764.0,0,803,0.0,1769.0,1770.5,1763.0,0.0,0.0,1.7976931348623157e+308,1.7976931348623157e+308,0.0,1764.0,1763.5,1763.0,1762.5,1762.0,1764.5,1765.0,1765.5,1766.0,1766.5,2,4,7,4,8,5,3,1,10,4
20191128,16:02:43.0,2019-11-28 16:02:43,AH3M,LME,1763.5,0,807,0.0,1769.0,1770.5,1763.0,0.0,0.0,1.7976931348623157e+308,1.7976931348623157e+308,0.0,1763.0,1762.5,1762.0,1761.5,1761.0,1763.5,1764.0,1764.5,1765.0,1765.5,5,4,8,7,12,1,6,4,2,3
20191128,16:02:44.0,2019-11-28 16:02:44,AH3M,LME,1763.5,0,807,0.0,1769.0,1770.5,1763.0,0.0,0.0,1.7976931348623157e+308,1.7976931348623157e+308,0.0,1763.0,1762.5,1762.0,1761.5,1761.0,1763.5,1764.0,1764.5,1765.0,1765.5,5,4,8,7,12,5,5,3,2,3
20191128,16:02:47.0,2019-11-28 16:02:47,AH3M,LME,1763.5,0,807,0.0,1769.0,1770.5,1763.0,0.0,0.0,1.7976931348623157e+308,1.7976931348623157e+308,0.0,1763.0,1762.5,1762.0,1761.5,1761.0,1763.5,1764.0,1764.5,1765.0,1765.5,5,4,8,7,12,7,4,3,2,3
20191128,16:02:58.0,2019-11-28 16:02:58,AH3M,LME,1763.5,0,807,0.0,1769.0,1770.5,1763.0,0.0,0.0,1.7976931348623157e+308,1.7976931348623157e+308,0.0,1763.0,1762.5,1762.0,1761.5,1761.0,1763.5,1764.0,1764.5,1765.0,1765.5,6,4,8,7,12,7,4,2,2,3
20191128,16:03:08.0,2019-11-28 16:03:08,AH3M,LME,1763.5,0,807,0.0,1769.0,1770.5,1763.0,0.0,0.0,1.7976931348623157e+308,1.7976931348623157e+308,0.0,1763.0,1762.5,1762.0,1761.5,1761.0,1763.5,1764.0,1764.5,1765.0,1765.5,8,4,8,7,12,6,4,2,2,3
20191128,16:03:16.0,2019-11-28 16:03:16,AH3M,LME,1763.5,0,813,0.0,1769.0,1770.5,1763.0,0.0,0.0,1.7976931348623157e+308,1.7976931348623157e+308,0.0,1763.5,1763.0,1762.5,1762.0,1761.5,1764.0,1764.5,1765.0,1765.5,1766.0,3,10,4,8,7,3,2,2,3,10
20191128,16:03:17.0,2019-11-28 16:03:17,AH3M,LME,1763.5,0,813,0.0,1769.0,1770.5,1763.0,0.0,0.0,1.7976931348623157e+308,1.7976931348623157e+308,0.0,1763.5,1763.0,1762.5,1762.0,1761.5,1764.0,1764.5,1765.0,1765.5,1766.0,5,8,4,8,7,2,2,2,3,10
20191128,16:03:25.0,2019-11-28 16:03:25,AH3M,LME,1764.0,0,814,0.0,1769.0,1770.5,1763.0,0.0,0.0,1.7976931348623157e+308,1.7976931348623157e+308,0.0,1763.5,1763.0,1762.5,1762.0,1761.5,1764.5,1764.5,1765.0,1765.5,1766.0,5,8,4,8,7,2,2,2,2,10
20191128,16:03:28.0,2019-11-28 16:03:28,AH3M,LME,1764.0,0,814,0.0,1769.0,1770.5,1763.0,0.0,0.0,1.7976931348623157e+308,1.7976931348623157e+308,0.0,1763.5,1763.0,1762.5,1762.0,1761.5,1764.5,1765.0,1765.5,1766.0,1766.5,5,8,4,8,7,3,2,2,10,4
20191128,16:03:59.0,2019-11-28 16:03:59,AH3M,LME,1764.0,0,814,0.0,1769.0,1770.5,1763.0,0.0,0.0,1.7976931348623157e+308,1.7976931348623157e+308,0.0,1763.5,1763.0,1762.5,1762.0,1761.5,1764.5,1765.0,1765.5,1766.0,1766.5,5,8,4,8,7,2,2,3,10,4
20191128,16:04:18.0,2019-11-28 16:04:18,AH3M,LME,1764.0,0,814,0.0,1769.0,1770.5,1763.0,0.0,0.0,1.7976931348623157e+308,1.7976931348623157e+308,0.0,1763.5,1763.0,1762.5,1762.0,1761.5,1764.0,1765.0,1765.5,1766.0,1766.5,5,8,4,8,7,10,2,3,10,4
20191128,16:04:49.0,2019-11-28 16:04:49,AH3M,LME,1764.0,0,814,0.0,1769.0,1770.5,1763.0,0.0,0.0,1.7976931348623157e+308,1.7976931348623157e+308,0.0,1763.5,1763.0,1762.5,1762.0,1761.5,1764.0,1764.5,1765.0,1765.5,1766.0,5,7,4,8,7,10,2,2,3,10
20191128,16:05:06.0,2019-11-28 16:05:06,AH3M,LME,1763.5,0,819,0.0,1769.0,1770.5,1763.0,0.0,0.0,1.7976931348623157e+308,1.7976931348623157e+308,0.0,1763.0,1762.5,1762.0,1761.5,1761.0,1763.5,1764.0,1764.5,1765.0,1765.5,5,4,8,6,12,11,10,3,2,3
20191128,16:05:11.0,2019-11-28 16:05:11,AH3M,LME,1763.5,0,819,0.0,1769.0,1770.5,1763.0,0.0,0.0,1.7976931348623157e+308,1.7976931348623157e+308,0.0,1763.0,1762.5,1762.0,1761.5,1761.0,1763.5,1764.0,1764.5,1765.0,1765.5,5,4,8,6,12,12,10,3,2,3
20191128,16:05:25.0,2019-11-28 16:05:25,AH3M,LME,1763.5,0,819,0.0,1769.0,1770.5,1763.0,0.0,0.0,1.7976931348623157e+308,1.7976931348623157e+308,0.0,1763.0,1762.5,1762.0,1761.5,1761.0,1763.5,1764.0,1764.5,1765.0,1765.5,5,4,8,6,12,11,10,3,2,3
20191128,16:05:25.0,2019-11-28 16:05:25,AH3M,LME,1763.0,0,820,0.0,1769.0,1770.5,1763.0,0.0,0.0,1.7976931348623157e+308,1.7976931348623157e+308,0.0,1763.0,1762.5,1762.0,1761.5,1761.0,1763.5,1764.0,1764.5,1765.0,1765.5,4,4,8,6,12,11,10,3,2,3
20191128,16:05:44.0,2019-11-28 16:05:44,AH3M,LME,1763.0,0,834,0.0,1769.0,1770.5,1763.0,0.0,0.0,1.7976931348623157e+308,1.7976931348623157e+308,0.0,1762.5,1761.5,1761.0,1760.5,1760.0,1763.0,1763.5,1764.0,1764.5,1765.0,2,6,12,5,53,3,11,10,3,3
20191128,16:05:51.0,2019-11-28 16:05:51,AH3M,LME,1763.0,0,834,0.0,1769.0,1770.5,1763.0,0.0,0.0,1.7976931348623157e+308,1.7976931348623157e+308,0.0,1762.0,1761.5,1761.0,1760.5,1760.0,1763.0,1763.5,1764.0,1764.5,1765.0,5,6,12,5,53,4,11,10,4,3
20191128,16:05:54.0,2019-11-28 16:05:54,AH3M,LME,1763.0,0,836,0.0,1769.0,1770.5,1763.0,0.0,0.0,1.7976931348623157e+308,1.7976931348623157e+308,0.0,1762.0,1761.5,1761.0,1760.5,1760.0,1763.0,1763.5,1764.0,1764.5,1765.0,6,6,12,5,53,3,11,10,4,3
20191128,16:05:55.0,2019-11-28 16:05:55,AH3M,LME,1763.0,0,840,0.0,1769.0,1770.5,1763.0,0.0,0.0,1.7976931348623157e+308,1.7976931348623157e+308,0.0,1762.5,1762.0,1761.5,1761.0,1760.5,1763.0,1763.5,1764.0,1764.5,1765.0,2,6,6,12,5,2,11,10,4,2
20191128,16:06:01.0,2019-11-28 16:06:01,AH3M,LME,1762.5,0,841,0.0,1769.0,1770.5,1762.5,0.0,0.0,1.7976931348623157e+308,1.7976931348623157e+308,0.0,1762.5,1762.0,1761.5,1761.0,1760.5,1763.0,1763.5,1764.0,1764.5,1765.0,2,6,6,12,5,2,11,10,4,2
20191128,16:06:02.0,2019-11-28 16:06:02,AH3M,LME,1762.5,0,842,0.0,1769.0,1770.5,1762.5,0.0,0.0,1.7976931348623157e+308,1.7976931348623157e+308,0.0,1762.0,1761.5,1761.0,1760.5,1760.0,1763.0,1763.5,1764.0,1764.5,1765.0,6,6,12,5,53,4,11,10,4,2
20191128,16:06:09.0,2019-11-28 16:06:09,AH3M,LME,1762.5,0,842,0.0,1769.0,1770.5,1762.5,0.0,0.0,1.7976931348623157e+308,1.7976931348623157e+308,0.0,1762.5,1762.0,1761.5,1761.0,1760.5,1763.0,1763.5,1764.0,1764.5,1765.0,1,6,6,12,5,4,11,10,4,2
20191128,16:06:11.0,2019-11-28 16:06:11,AH3M,LME,1762.5,0,842,0.0,1769.0,1770.5,1762.5,0.0,0.0,1.7976931348623157e+308,1.7976931348623157e+308,0.0,1762.5,1762.0,1761.5,1761.0,1760.5,1763.0,1763.5,1764.0,1764.5,1765.0,2,6,6,12,5,4,11,10,4,2
20191128,16:06:17.0,2019-11-28 16:06:17,AH3M,LME,1762.5,0,844,0.0,1769.0,1770.5,1762.5,0.0,0.0,1.7976931348623157e+308,1.7976931348623157e+308,0.0,1762.0,1761.5,1761.0,1760.5,1760.0,1762.5,1763.0,1763.5,1764.0,1764.5,6,6,12,5,53,2,2,11,10,4
20191128,16:06:21.0,2019-11-28 16:06:21,AH3M,LME,1762.5,0,844,0.0,1769.0,1770.5,1762.5,0.0,0.0,1.7976931348623157e+308,1.7976931348623157e+308,0.0,1762.0,1761.5,1761.0,1760.5,1760.0,1763.0,1763.5,1764.0,1764.5,1765.0,6,6,12,5,53,3,11,10,4,4
20191128,16:06:22.0,2019-11-28 16:06:22,AH3M,LME,1762.5,0,844,0.0,1769.0,1770.5,1762.5,0.0,0.0,1.7976931348623157e+308,1.7976931348623157e+308,0.0,1762.0,1761.5,1761.0,1760.5,1760.0,1763.0,1763.5,1764.0,1764.5,1765.0,4,6,12,5,53,3,11,10,4,4
20191128,16:06:23.0,2019-11-28 16:06:23,AH3M,LME,1762.5,0,844,0.0,1769.0,1770.5,1762.5,0.0,0.0,1.7976931348623157e+308,1.7976931348623157e+308,0.0,1762.0,1761.5,1761.0,1760.5,1760.0,1762.5,1763.0,1763.5,1764.0,1764.5,4,6,12,5,53,1,3,11,10,4
20191128,16:07:19.0,2019-11-28 16:07:19,AH3M,LME,1762.0,0,849,0.0,1769.0,1770.5,1762.0,0.0,0.0,1.7976931348623157e+308,1.7976931348623157e+308,0.0,1761.5,1761.5,1761.0,1760.5,1760.0,1762.5,1763.0,1763.5,1764.0,1764.5,6,6,12,5,53,3,4,11,10,4
20191128,16:07:22.0,2019-11-28 16:07:22,AH3M,LME,1762.0,0,850,0.0,1769.0,1770.5,1762.0,0.0,0.0,1.7976931348623157e+308,1.7976931348623157e+308,0.0,1761.5,1761.0,1760.5,1760.0,1759.5,1762.0,1762.5,1763.0,1763.5,1764.0,6,12,5,53,5,1,3,4,11,10
20191128,16:07:23.0,2019-11-28 16:07:23,AH3M,LME,1762.0,0,850,0.0,1769.0,1770.5,1762.0,0.0,0.0,1.7976931348623157e+308,1.7976931348623157e+308,0.0,1761.5,1761.0,1760.5,1760.0,1759.5,1762.0,1762.5,1763.0,1763.5,1764.0,6,12,5,53,5,2,3,4,11,10
20191128,16:07:30.0,2019-11-28 16:07:30,AH3M,LME,1762.0,0,850,0.0,1769.0,1770.5,1762.0,0.0,0.0,1.7976931348623157e+308,1.7976931348623157e+308,0.0,1761.5,1761.0,1760.5,1760.0,1759.5,1762.0,1762.5,1763.0,1763.5,1764.0,4,12,5,53,5,3,4,4,11,10
20191128,16:07:41.0,2019-11-28 16:07:41,AH3M,LME,1761.5,0,854,0.0,1769.0,1770.5,1761.5,0.0,0.0,1.7976931348623157e+308,1.7976931348623157e+308,0.0,1761.0,1760.5,1760.0,1759.5,1759.0,1761.5,1762.0,1762.5,1763.0,1763.5,10,4,52,4,10,6,4,3,4,11
20191128,16:07:52.0,2019-11-28 16:07:52,AH3M,LME,1761.0,0,859,0.0,1769.0,1770.5,1761.0,0.0,0.0,1.7976931348623157e+308,1.7976931348623157e+308,0.0,1761.0,1760.5,1760.0,1759.5,1759.0,1761.5,1762.0,1762.5,1763.0,1763.5,5,4,52,4,10,7,3,4,4,11
20191128,16:07:55.0,2019-11-28 16:07:55,AH3M,LME,1761.0,0,864,0.0,1769.0,1770.5,1761.0,0.0,0.0,1.7976931348623157e+308,1.7976931348623157e+308,0.0,1760.5,1760.5,1760.0,1759.5,1759.0,1761.5,1762.0,1762.5,1763.0,1763.5,4,4,52,4,10,8,3,4,4,11
20191128,16:07:56.0,2019-11-28 16:07:56,AH3M,LME,1761.0,0,864,0.0,1769.0,1770.5,1761.0,0.0,0.0,1.7976931348623157e+308,1.7976931348623157e+308,0.0,1760.5,1760.0,1759.5,1759.0,1758.5,1761.0,1761.5,1762.0,1762.5,1763.0,3,50,3,10,5,3,8,3,3,4
20191128,16:08:00.0,2019-11-28 16:08:00,AH3M,LME,1761.0,0,864,0.0,1769.0,1770.5,1761.0,0.0,0.0,1.7976931348623157e+308,1.7976931348623157e+308,0.0,1760.5,1760.0,1759.5,1759.0,1758.5,1761.0,1761.5,1762.0,1762.5,1763.0,1,50,3,10,5,4,9,3,3,4
20191128,16:08:02.0,2019-11-28 16:08:02,AH3M,LME,1761.0,0,866,0.0,1769.0,1770.5,1761.0,0.0,0.0,1.7976931348623157e+308,1.7976931348623157e+308,0.0,1760.5,1760.0,1759.5,1759.0,1758.5,1761.0,1761.5,1762.0,1762.5,1763.0,4,50,3,10,5,1,10,3,3,4
20191128,16:08:09.0,2019-11-28 16:08:09,AH3M,LME,1760.5,0,870,0.0,1769.0,1770.5,1760.5,0.0,0.0,1.7976931348623157e+308,1.7976931348623157e+308,0.0,1760.0,1759.5,1759.0,1758.5,1758.0,1760.5,1761.0,1761.5,1762.0,1762.5,50,3,10,5,4,49,1,10,3,3
20191128,16:08:09.0,2019-11-28 16:08:09,AH3M,LME,1760.0,0,882,0.0,1769.0,1770.5,1760.0,0.0,0.0,1.7976931348623157e+308,1.7976931348623157e+308,0.0,1760.0,1759.5,1759.0,1758.5,1758.0,1760.5,1761.0,1761.5,1762.0,1762.5,38,3,10,5,4,49,2,10,3,3
20191128,16:08:18.0,2019-11-28 16:08:18,AH3M,LME,1760.0,0,892,0.0,1769.0,1770.5,1760.0,0.0,0.0,1.7976931348623157e+308,1.7976931348623157e+308,0.0,1760.0,1759.5,1759.0,1758.5,1758.0,1760.5,1761.0,1761.5,1762.0,1762.5,28,3,10,5,4,51,2,8,3,3
20191128,16:08:20.0,2019-11-28 16:08:20,AH3M,LME,1760.0,0,920,0.0,1769.0,1770.5,1760.0,0.0,0.0,1.7976931348623157e+308,1.7976931348623157e+308,0.0,1759.0,1758.5,1758.0,1757.5,1757.0,1760.0,1760.5,1761.0,1761.5,1762.0,11,4,4,6,18,3,53,2,8,3
20191128,16:08:21.0,2019-11-28 16:08:21,AH3M,LME,1760.0,0,920,0.0,1769.0,1770.5,1760.0,0.0,0.0,1.7976931348623157e+308,1.7976931348623157e+308,0.0,1759.0,1758.5,1758.0,1757.5,1757.0,1760.0,1760.5,1761.0,1761.5,1762.0,11,4,4,6,18,4,53,2,8,3
20191128,16:08:29.0,2019-11-28 16:08:29,AH3M,LME,1760.0,0,920,0.0,1769.0,1770.5,1760.0,0.0,0.0,1.7976931348623157e+308,1.7976931348623157e+308,0.0,1759.5,1759.0,1758.5,1758.0,1757.5,1760.0,1760.5,1761.0,1761.5,1762.0,3,11,4,4,6,6,51,2,9,3
20191128,16:08:33.0,2019-11-28 16:08:33,AH3M,LME,1759.5,0,927,0.0,1769.0,1770.5,1759.5,0.0,0.0,1.7976931348623157e+308,1.7976931348623157e+308,0.0,1759.0,1758.5,1758.0,1757.5,1757.0,1760.0,1760.5,1761.0,1761.5,1762.0,12,4,4,6,18,6,51,2,9,5
20191128,16:08:36.0,2019-11-28 16:08:36,AH3M,LME,1759.5,0,927,0.0,1769.0,1770.5,1759.5,0.0,0.0,1.7976931348623157e+308,1.7976931348623157e+308,0.0,1759.5,1759.0,1758.5,1758.0,1757.5,1760.0,1760.5,1761.0,1761.5,1762.0,4,12,4,4,6,5,51,2,9,5
20191128,16:08:48.0,2019-11-28 16:08:48,AH3M,LME,1759.5,0,927,0.0,1769.0,1770.5,1759.5,0.0,0.0,1.7976931348623157e+308,1.7976931348623157e+308,0.0,1759.5,1759.0,1758.5,1758.0,1757.5,1760.0,1760.5,1761.0,1761.5,1762.0,5,12,4,4,6,3,51,2,9,5
20191128,16:08:50.0,2019-11-28 16:08:50,AH3M,LME,1760.0,0,929,0.0,1769.0,1770.5,1759.5,0.0,0.0,1.7976931348623157e+308,1.7976931348623157e+308,0.0,1760.0,1759.5,1759.0,1758.5,1758.0,1760.5,1761.0,1761.5,1762.0,1762.5,3,6,12,4,4,49,1,9,5,3
20191128,16:08:51.0,2019-11-28 16:08:51,AH3M,LME,1760.0,0,929,0.0,1769.0,1770.5,1759.5,0.0,0.0,1.7976931348623157e+308,1.7976931348623157e+308,0.0,1760.0,1759.5,1759.0,1758.5,1758.0,1760.5,1761.0,1761.5,1762.0,1762.5,3,6,12,4,4,50,1,9,5,3
20191128,16:08:53.0,2019-11-28 16:08:53,AH3M,LME,1760.0,0,929,0.0,1769.0,1770.5,1759.5,0.0,0.0,1.7976931348623157e+308,1.7976931348623157e+308,0.0,1760.0,1759.5,1759.0,1758.5,1758.0,1760.5,1761.0,1761.5,1762.0,1762.5,4,5,12,4,4,50,1,9,5,3
20191128,16:09:04.0,2019-11-28 16:09:04,AH3M,LME,1760.0,0,929,0.0,1769.0,1770.5,1759.5,0.0,0.0,1.7976931348623157e+308,1.7976931348623157e+308,0.0,1760.0,1759.5,1759.0,1758.5,1758.0,1760.5,1761.0,1761.5,1762.0,1762.5,9,5,12,4,4,50,1,9,5,3
20191128,16:09:28.0,2019-11-28 16:09:28,AH3M,LME,1760.5,0,979,0.0,1769.0,1770.5,1759.5,0.0,0.0,1.7976931348623157e+308,1.7976931348623157e+308,0.0,1761.0,1759.5,1759.0,1758.5,1758.0,1761.5,1761.0,1761.5,1762.0,1762.5,1,5,12,4,4,4,1,3,5,3
20191128,16:09:29.0,2019-11-28 16:09:29,AH3M,LME,1760.5,0,979,0.0,1769.0,1770.5,1759.5,0.0,0.0,1.7976931348623157e+308,1.7976931348623157e+308,0.0,1761.0,1760.5,1760.0,1759.5,1759.0,1761.5,1762.0,1762.5,1763.0,1763.5,1,4,9,3,12,5,5,3,5,13
20191128,16:09:32.0,2019-11-28 16:09:32,AH3M,LME,1760.5,0,979,0.0,1769.0,1770.5,1759.5,0.0,0.0,1.7976931348623157e+308,1.7976931348623157e+308,0.0,1761.0,1760.5,1760.0,1759.5,1759.0,1761.5,1762.0,1762.5,1763.0,1763.5,1,2,8,5,12,5,6,3,5,13
20191128,16:09:39.0,2019-11-28 16:09:39,AH3M,LME,1761.0,0,980,0.0,1769.0,1770.5,1759.5,0.0,0.0,1.7976931348623157e+308,1.7976931348623157e+308,0.0,1760.5,1760.0,1759.5,1759.0,1758.5,1761.0,1761.5,1762.0,1762.5,1763.0,3,8,5,12,4,1,5,6,3,5
20191128,16:09:40.0,2019-11-28 16:09:40,AH3M,LME,1761.0,0,980,0.0,1769.0,1770.5,1759.5,0.0,0.0,1.7976931348623157e+308,1.7976931348623157e+308,0.0,1760.5,1760.0,1759.5,1759.0,1758.5,1761.0,1761.5,1762.0,1762.5,1763.0,3,8,5,12,4,2,4,6,3,5
20191128,16:10:02.0,2019-11-28 16:10:02,AH3M,LME,1761.0,0,980,0.0,1769.0,1770.5,1759.5,0.0,0.0,1.7976931348623157e+308,1.7976931348623157e+308,0.0,1760.5,1760.0,1759.5,1759.0,1758.5,1761.0,1761.5,1762.0,1762.5,1763.0,3,8,5,12,3,3,4,6,3,5
20191128,16:10:08.0,2019-11-28 16:10:08,AH3M,LME,1761.0,0,980,0.0,1769.0,1770.5,1759.5,0.0,0.0,1.7976931348623157e+308,1.7976931348623157e+308,0.0,1760.5,1760.0,1759.5,1759.0,1758.5,1761.0,1761.5,1762.0,1762.5,1763.0,5,9,5,12,3,2,4,6,8,5
20191128,16:10:15.0,2019-11-28 16:10:15,AH3M,LME,1761.0,0,980,0.0,1769.0,1770.5,1759.5,0.0,0.0,1.7976931348623157e+308,1.7976931348623157e+308,0.0,1760.5,1760.0,1759.5,1759.0,1758.5,1761.0,1761.5,1762.0,1762.5,1763.0,5,9,6,12,3,1,4,6,8,5
20191128,16:10:15.0,2019-11-28 16:10:15,AH3M,LME,1761.0,0,981,0.0,1769.0,1770.5,1759.5,0.0,0.0,1.7976931348623157e+308,1.7976931348623157e+308,0.0,1761.0,1760.0,1759.5,1759.0,1758.5,1761.5,1762.0,1762.5,1763.0,1763.5,1,9,6,12,3,4,6,8,5,13
20191128,16:10:16.0,2019-11-28 16:10:16,AH3M,LME,1761.0,0,982,0.0,1769.0,1770.5,1759.5,0.0,0.0,1.7976931348623157e+308,1.7976931348623157e+308,0.0,1760.5,1760.0,1759.5,1759.0,1758.5,1761.5,1762.0,1762.5,1763.0,1763.5,6,9,6,12,3,5,6,8,5,13
20191128,16:10:23.0,2019-11-28 16:10:23,AH3M,LME,1761.0,0,982,0.0,1769.0,1770.5,1759.5,0.0,0.0,1.7976931348623157e+308,1.7976931348623157e+308,0.0,1760.5,1760.0,1759.5,1759.0,1758.5,1761.5,1762.0,1762.5,1763.0,1763.5,5,9,6,12,3,5,6,8,5,13
20191128,16:10:28.0,2019-11-28 16:10:28,AH3M,LME,1761.0,0,982,0.0,1769.0,1770.5,1759.5,0.0,0.0,1.7976931348623157e+308,1.7976931348623157e+308,0.0,1760.5,1760.0,1759.5,1759.0,1758.5,1761.0,1761.5,1762.0,1762.5,1763.0,5,9,6,12,4,1,5,6,8,5
20191128,16:10:49.0,2019-11-28 16:10:49,AH3M,LME,1760.5,0,987,0.0,1769.0,1770.5,1759.5,0.0,0.0,1.7976931348623157e+308,1.7976931348623157e+308,0.0,1760.5,1760.0,1759.5,1759.0,1758.5,1761.0,1761.5,1762.0,1762.5,1763.0,2,9,6,12,4,6,5,6,8,5
20191128,16:10:50.0,2019-11-28 16:10:50,AH3M,LME,1760.5,0,987,0.0,1769.0,1770.5,1759.5,0.0,0.0,1.7976931348623157e+308,1.7976931348623157e+308,0.0,1760.5,1760.0,1759.5,1759.0,1758.5,1761.0,1761.5,1762.0,1762.5,1763.0,1,8,6,12,4,7,4,6,8,5
20191128,16:10:58.0,2019-11-28 16:10:58,AH3M,LME,1760.5,0,988,0.0,1769.0,1770.5,1759.5,0.0,0.0,1.7976931348623157e+308,1.7976931348623157e+308,0.0,1760.5,1760.0,1759.5,1759.0,1758.5,1761.0,1761.5,1762.0,1762.5,1763.0,1,8,6,12,4,7,4,6,8,5
20191128,16:11:01.0,2019-11-28 16:11:01,AH3M,LME,1760.5,0,988,0.0,1769.0,1770.5,1759.5,0.0,0.0,1.7976931348623157e+308,1.7976931348623157e+308,0.0,1760.0,1759.5,1759.0,1758.5,1758.0,1760.5,1761.0,1761.5,1762.0,1762.5,8,6,12,4,3,2,7,4,6,8
20191128,16:11:02.0,2019-11-28 16:11:02,AH3M,LME,1760.5,0,988,0.0,1769.0,1770.5,1759.5,0.0,0.0,1.7976931348623157e+308,1.7976931348623157e+308,0.0,1760.0,1759.5,1759.0,1758.5,1758.0,1760.5,1761.0,1761.5,1762.0,1762.5,8,6,12,4,3,1,7,4,6,8
20191128,16:11:11.0,2019-11-28 16:11:11,AH3M,LME,1760.5,0,994,0.0,1769.0,1770.5,1759.5,0.0,0.0,1.7976931348623157e+308,1.7976931348623157e+308,0.0,1760.0,1759.5,1759.0,1758.5,1758.0,1760.5,1761.0,1761.5,1762.0,1762.5,9,6,12,4,5,1,3,4,6,8
20191128,16:11:11.0,2019-11-28 16:11:11,AH3M,LME,1760.5,0,995,0.0,1769.0,1770.5,1759.5,0.0,0.0,1.7976931348623157e+308,1.7976931348623157e+308,0.0,1760.0,1759.5,1759.0,1758.5,1758.0,1760.5,1761.0,1761.5,1762.0,1762.5,9,6,12,4,5,1,3,4,6,8
20191128,16:11:12.0,2019-11-28 16:11:12,AH3M,LME,1760.5,0,996,0.0,1769.0,1770.5,1759.5,0.0,0.0,1.7976931348623157e+308,1.7976931348623157e+308,0.0,1760.0,1759.5,1759.0,1758.5,1758.0,1760.5,1761.0,1761.5,1762.0,1762.5,9,6,12,4,5,1,3,4,6,8
20191128,16:11:12.0,2019-11-28 16:11:12,AH3M,LME,1760.5,0,997,0.0,1769.0,1770.5,1759.5,0.0,0.0,1.7976931348623157e+308,1.7976931348623157e+308,0.0,1760.5,1760.0,1759.5,1759.0,1758.5,1761.0,1761.5,1762.0,1762.5,1763.0,3,9,6,12,4,2,4,6,8,5
20191128,16:11:14.0,2019-11-28 16:11:14,AH3M,LME,1760.5,0,997,0.0,1769.0,1770.5,1759.5,0.0,0.0,1.7976931348623157e+308,1.7976931348623157e+308,0.0,1760.5,1760.0,1759.5,1759.0,1758.5,1761.0,1761.5,1762.0,1762.5,1763.0,4,8,6,12,4,2,4,6,8,5
20191128,16:11:22.0,2019-11-28 16:11:22,AH3M,LME,1761.0,0,998,0.0,1769.0,1770.5,1759.5,0.0,0.0,1.7976931348623157e+308,1.7976931348623157e+308,0.0,1761.0,1760.5,1760.0,1759.5,1759.0,1761.5,1762.0,1762.5,1763.0,1763.5,1,5,8,6,12,5,6,8,5,13
20191128,16:11:23.0,2019-11-28 16:11:23,AH3M,LME,1761.0,0,998,0.0,1769.0,1770.5,1759.5,0.0,0.0,1.7976931348623157e+308,1.7976931348623157e+308,0.0,1761.0,1760.5,1760.0,1759.5,1759.0,1761.5,1762.0,1762.5,1763.0,1763.5,2,4,8,6,12,5,6,8,5,13
20191128,16:11:24.0,2019-11-28 16:11:24,AH3M,LME,1761.0,0,998,0.0,1769.0,1770.5,1759.5,0.0,0.0,1.7976931348623157e+308,1.7976931348623157e+308,0.0,1761.0,1760.5,1760.0,1759.5,1759.0,1761.5,1762.0,1762.5,1763.0,1763.5,2,4,8,6,12,6,6,8,3,13
20191128,16:11:24.0,2019-11-28 16:11:24,AH3M,LME,1761.0,0,999,0.0,1769.0,1770.5,1759.5,0.0,0.0,1.7976931348623157e+308,1.7976931348623157e+308,0.0,1760.5,1760.0,1759.5,1759.0,1758.5,1761.5,1762.0,1762.5,1763.0,1763.5,4,8,6,12,4,6,6,8,3,13
20191128,16:11:33.0,2019-11-28 16:11:33,AH3M,LME,1761.0,0,999,0.0,1769.0,1770.5,1759.5,0.0,0.0,1.7976931348623157e+308,1.7976931348623157e+308,0.0,1760.5,1760.0,1759.5,1759.0,1758.5,1761.0,1761.5,1762.0,1762.5,1763.0,3,8,6,12,4,2,6,6,8,3
20191128,16:11:37.0,2019-11-28 16:11:37,AH3M,LME,1761.0,0,999,0.0,1769.0,1770.5,1759.5,0.0,0.0,1.7976931348623157e+308,1.7976931348623157e+308,0.0,1760.5,1760.0,1759.5,1759.0,1758.5,1761.0,1761.5,1762.0,1762.5,1763.0,3,8,6,12,4,3,5,6,8,3
20191128,16:11:41.0,2019-11-28 16:11:41,AH3M,LME,1761.0,0,999,0.0,1769.0,1770.5,1759.5,0.0,0.0,1.7976931348623157e+308,1.7976931348623157e+308,0.0,1760.5,1760.0,1759.5,1759.0,1758.5,1761.0,1761.5,1762.0,1762.5,1763.0,2,8,6,12,4,3,5,6,8,3
20191128,16:11:54.0,2019-11-28 16:11:54,AH3M,LME,1761.0,0,999,0.0,1769.0,1770.5,1759.5,0.0,0.0,1.7976931348623157e+308,1.7976931348623157e+308,0.0,1760.5,1760.0,1759.5,1759.0,1758.5,1761.0,1761.5,1762.0,1762.5,1763.0,1,8,6,12,4,5,5,6,8,3
20191128,16:12:03.0,2019-11-28 16:12:03,AH3M,LME,1758.5,0,1028,0.0,1769.0,1770.5,1758.5,0.0,0.0,1.7976931348623157e+308,1.7976931348623157e+308,0.0,1758.0,1757.5,1757.0,1756.5,1756.0,1759.0,1760.5,1761.0,1761.5,1762.0,3,5,17,2,8,15,1,7,5,6
20191128,16:12:03.0,2019-11-28 16:12:03,AH3M,LME,1759.0,0,1043,0.0,1769.0,1770.5,1758.5,0.0,0.0,1.7976931348623157e+308,1.7976931348623157e+308,0.0,1759.0,1758.5,1758.0,1757.5,1757.0,1759.5,1760.0,1760.5,1761.0,1761.5,1,7,2,4,17,2,4,9,8,8
20191128,16:12:04.0,2019-11-28 16:12:04,AH3M,LME,1759.0,0,1043,0.0,1769.0,1770.5,1758.5,0.0,0.0,1.7976931348623157e+308,1.7976931348623157e+308,0.0,1759.0,1758.5,1758.0,1757.5,1757.0,1759.5,1760.0,1760.5,1761.0,1761.5,4,7,2,4,17,1,4,7,8,7
20191128,16:12:06.0,2019-11-28 16:12:06,AH3M,LME,1759.0,0,1043,0.0,1769.0,1770.5,1758.5,0.0,0.0,1.7976931348623157e+308,1.7976931348623157e+308,0.0,1759.0,1759.0,1758.5,1758.0,1757.5,1760.0,1760.5,1761.0,1761.5,1762.0,5,5,7,1,4,3,7,8,7,6
20191128,16:12:07.0,2019-11-28 16:12:07,AH3M,LME,1759.0,0,1043,0.0,1769.0,1770.5,1758.5,0.0,0.0,1.7976931348623157e+308,1.7976931348623157e+308,0.0,1759.0,1758.5,1758.0,1757.5,1757.0,1759.5,1760.0,1760.5,1761.0,1761.5,3,7,1,4,17,1,4,9,8,7
20191128,16:12:08.0,2019-11-28 16:12:08,AH3M,LME,1759.0,0,1043,0.0,1769.0,1770.5,1758.5,0.0,0.0,1.7976931348623157e+308,1.7976931348623157e+308,0.0,1759.0,1758.5,1758.0,1757.5,1757.0,1759.5,1760.0,1760.5,1761.0,1761.5,3,7,1,4,17,2,4,9,7,7
20191128,16:12:08.0,2019-11-28 16:12:08,AH3M,LME,1759.5,0,1044,0.0,1769.0,1770.5,1758.5,0.0,0.0,1.7976931348623157e+308,1.7976931348623157e+308,0.0,1759.0,1758.5,1758.0,1757.5,1757.0,1760.0,1760.5,1761.0,1761.5,1762.0,8,7,1,4,17,4,10,7,7,6
20191128,16:12:12.0,2019-11-28 16:12:12,AH3M,LME,1759.5,0,1044,0.0,1769.0,1770.5,1758.5,0.0,0.0,1.7976931348623157e+308,1.7976931348623157e+308,0.0,1759.0,1758.5,1758.0,1757.5,1757.0,1759.5,1760.5,1761.0,1761.5,1762.0,8,7,1,4,17,10,10,7,7,6
20191128,16:12:24.0,2019-11-28 16:12:24,AH3M,LME,1759.0,0,1046,0.0,1769.0,1770.5,1758.5,0.0,0.0,1.7976931348623157e+308,1.7976931348623157e+308,0.0,1759.0,1758.5,1758.0,1757.5,1757.0,1759.5,1760.0,1760.5,1761.0,1761.5,6,5,1,4,17,10,4,10,7,7
20191128,16:12:29.0,2019-11-28 16:12:29,AH3M,LME,1759.0,0,1046,0.0,1769.0,1770.5,1758.5,0.0,0.0,1.7976931348623157e+308,1.7976931348623157e+308,0.0,1759.0,1758.5,1758.0,1757.5,1757.0,1759.5,1760.0,1760.5,1761.0,1761.5,6,5,1,4,17,10,4,10,7,7
20191128,16:12:31.0,2019-11-28 16:12:31,AH3M,LME,1759.0,0,1046,0.0,1769.0,1770.5,1758.5,0.0,0.0,1.7976931348623157e+308,1.7976931348623157e+308,0.0,1759.0,1758.5,1758.0,1757.5,1757.0,1759.5,1760.0,1760.5,1761.0,1761.5,6,5,1,4,17,11,4,10,7,7
20191128,16:12:34.0,2019-11-28 16:12:34,AH3M,LME,1759.0,0,1046,0.0,1769.0,1770.5,1758.5,0.0,0.0,1.7976931348623157e+308,1.7976931348623157e+308,0.0,1759.0,1758.5,1758.0,1757.5,1757.0,1759.5,1760.0,1760.5,1761.0,1761.5,6,5,1,4,17,12,4,10,7,7
20191128,16:12:37.0,2019-11-28 16:12:37,AH3M,LME,1759.0,0,1046,0.0,1769.0,1770.5,1758.5,0.0,0.0,1.7976931348623157e+308,1.7976931348623157e+308,0.0,1759.0,1758.5,1758.0,1757.5,1757.0,1759.5,1760.0,1760.5,1761.0,1761.5,6,5,1,4,17,13,4,8,7,7
20191128,16:12:38.0,2019-11-28 16:12:38,AH3M,LME,1759.5,0,1047,0.0,1769.0,1770.5,1758.5,0.0,0.0,1.7976931348623157e+308,1.7976931348623157e+308,0.0,1759.0,1758.5,1758.0,1757.5,1757.0,1759.5,1760.0,1760.5,1761.0,1761.5,6,5,1,4,17,12,4,8,7,7
20191128,16:12:46.0,2019-11-28 16:12:46,AH3M,LME,1759.5,0,1047,0.0,1769.0,1770.5,1758.5,0.0,0.0,1.7976931348623157e+308,1.7976931348623157e+308,0.0,1759.0,1758.5,1758.0,1757.5,1757.0,1759.5,1760.0,1760.5,1761.0,1761.5,7,5,1,4,17,12,4,8,7,7
20191128,16:12:57.0,2019-11-28 16:12:57,AH3M,LME,1759.5,0,1047,0.0,1769.0,1770.5,1758.5,0.0,0.0,1.7976931348623157e+308,1.7976931348623157e+308,0.0,1759.0,1758.5,1758.0,1757.5,1757.0,1759.5,1760.0,1760.5,1761.0,1761.5,8,5,1,4,17,11,4,8,7,7
20191128,16:12:58.0,2019-11-28 16:12:58,AH3M,LME,1759.5,0,1047,0.0,1769.0,1770.5,1758.5,0.0,0.0,1.7976931348623157e+308,1.7976931348623157e+308,0.0,1759.0,1758.5,1758.0,1757.5,1757.0,1759.5,1760.0,1760.5,1761.0,1761.5,7,5,1,4,17,11,4,8,7,7
20191128,16:13:20.0,2019-11-28 16:13:20,AH3M,LME,1759.5,0,1047,0.0,1769.0,1770.5,1758.5,0.0,0.0,1.7976931348623157e+308,1.7976931348623157e+308,0.0,1759.0,1758.5,1758.0,1757.5,1757.0,1759.5,1760.0,1760.5,1761.0,1761.5,9,5,1,4,17,11,4,8,7,7
20191128,16:13:26.0,2019-11-28 16:13:26,AH3M,LME,1759.5,0,1047,0.0,1769.0,1770.5,1758.5,0.0,0.0,1.7976931348623157e+308,1.7976931348623157e+308,0.0,1759.0,1758.5,1758.0,1757.5,1757.0,1759.5,1760.0,1760.5,1761.0,1761.5,10,5,1,4,17,11,4,8,7,7
20191128,16:13:55.0,2019-11-28 16:13:55,AH3M,LME,1759.5,0,1058,0.0,1769.0,1770.5,1758.5,0.0,0.0,1.7976931348623157e+308,1.7976931348623157e+308,0.0,1759.5,1759.0,1758.5,1758.0,1757.5,1760.5,1761.0,1761.5,1762.0,1762.5,1,11,5,1,4,7,7,7,5,7
20191128,16:13:56.0,2019-11-28 16:13:56,AH3M,LME,1759.5,0,1058,0.0,1769.0,1770.5,1758.5,0.0,0.0,1.7976931348623157e+308,1.7976931348623157e+308,0.0,1759.5,1759.0,1758.5,1758.0,1757.5,1760.5,1761.0,1761.5,1762.0,1762.5,6,6,5,1,4,8,7,7,5,7
20191128,16:14:00.0,2019-11-28 16:14:00,AH3M,LME,1759.5,0,1058,0.0,1769.0,1770.5,1758.5,0.0,0.0,1.7976931348623157e+308,1.7976931348623157e+308,0.0,1760.0,1759.5,1759.0,1758.5,1758.0,1760.5,1761.0,1761.5,1762.0,1762.5,5,6,6,4,1,7,7,7,5,7
20191128,16:14:24.0,2019-11-28 16:14:24,AH3M,LME,1759.5,0,1058,0.0,1769.0,1770.5,1758.5,0.0,0.0,1.7976931348623157e+308,1.7976931348623157e+308,0.0,1760.0,1759.5,1759.0,1758.5,1758.0,1760.5,1761.0,1761.5,1762.0,1762.5,11,1,6,4,1,5,7,7,5,7
20191128,16:14:38.0,2019-11-28 16:14:38,AH3M,LME,1759.5,0,1058,0.0,1769.0,1770.5,1758.5,0.0,0.0,1.7976931348623157e+308,1.7976931348623157e+308,0.0,1760.0,1759.5,1759.0,1758.5,1758.0,1760.5,1761.0,1761.5,1762.0,1762.5,11,1,6,4,1,6,7,7,5,7
20191128,16:14:52.0,2019-11-28 16:14:52,AH3M,LME,1759.5,0,1058,0.0,1769.0,1770.5,1758.5,0.0,0.0,1.7976931348623157e+308,1.7976931348623157e+308,0.0,1760.0,1759.5,1759.0,1758.5,1758.0,1760.5,1761.0,1761.5,1762.0,1762.5,12,1,6,4,1,6,7,7,5,7
20191128,16:14:56.0,2019-11-28 16:14:56,AH3M,LME,1760.0,0,1059,0.0,1769.0,1770.5,1758.5,0.0,0.0,1.7976931348623157e+308,1.7976931348623157e+308,0.0,1760.0,1759.5,1759.0,1758.5,1758.0,1760.5,1761.0,1761.5,1762.0,1762.5,12,1,6,4,1,6,7,7,5,7
20191128,16:15:03.0,2019-11-28 16:15:03,AH3M,LME,1760.0,0,1070,0.0,1769.0,1770.5,1758.5,0.0,0.0,1.7976931348623157e+308,1.7976931348623157e+308,0.0,1759.0,1758.5,1758.0,1757.5,1757.0,1759.5,1760.0,1760.5,1761.0,1761.5,6,4,1,5,17,1,6,6,7,7
20191128,16:15:06.0,2019-11-28 16:15:06,AH3M,LME,1760.0,0,1070,0.0,1769.0,1770.5,1758.5,0.0,0.0,1.7976931348623157e+308,1.7976931348623157e+308,0.0,1759.0,1758.5,1758.0,1757.5,1757.0,1759.5,1760.0,1760.5,1761.0,1761.5,6,4,1,5,17,2,8,6,7,7
20191128,16:15:10.0,2019-11-28 16:15:10,AH3M,LME,1759.5,0,1072,0.0,1769.0,1770.5,1758.5,0.0,0.0,1.7976931348623157e+308,1.7976931348623157e+308,0.0,1759.0,1758.5,1758.0,1757.5,1757.0,1760.0,1760.5,1761.0,1761.5,1762.0,8,4,1,5,17,8,6,7,7,6
20191128,16:15:10.0,2019-11-28 16:15:10,AH3M,LME,1759.5,0,1073,0.0,1769.0,1770.5,1758.5,0.0,0.0,1.7976931348623157e+308,1.7976931348623157e+308,0.0,1759.0,1758.5,1758.0,1757.5,1757.0,1760.0,1760.5,1761.0,1761.5,1762.0,8,4,1,5,17,8,6,7,6,6
20191128,16:15:12.0,2019-11-28 16:15:12,AH3M,LME,1759.0,0,1076,0.0,1769.0,1770.5,1758.5,0.0,0.0,1.7976931348623157e+308,1.7976931348623157e+308,0.0,1759.0,1758.5,1758.0,1757.5,1757.0,1759.5,1760.0,1760.5,1761.0,1761.5,4,4,1,5,17,3,8,6,7,6
20191128,16:15:18.0,2019-11-28 16:15:18,AH3M,LME,1759.0,0,1079,0.0,1769.0,1770.5,1758.5,0.0,0.0,1.7976931348623157e+308,1.7976931348623157e+308,0.0,1758.5,1758.0,1757.5,1757.0,1756.5,1759.5,1760.0,1760.5,1761.0,1761.5,4,1,5,17,2,3,8,6,7,6
20191128,16:15:20.0,2019-11-28 16:15:20,AH3M,LME,1759.0,0,1079,0.0,1769.0,1770.5,1758.5,0.0,0.0,1.7976931348623157e+308,1.7976931348623157e+308,0.0,1759.0,1758.5,1758.0,1757.5,1757.0,1759.5,1760.0,1760.5,1761.0,1761.5,1,4,1,5,17,4,8,6,7,6
20191128,16:15:39.0,2019-11-28 16:15:39,AH3M,LME,1759.0,0,1080,0.0,1769.0,1770.5,1758.5,0.0,0.0,1.7976931348623157e+308,1.7976931348623157e+308,0.0,1758.5,1758.0,1757.5,1757.0,1756.5,1759.0,1759.5,1760.0,1760.5,1761.0,4,1,4,17,2,4,3,9,5,6
20191128,16:15:40.0,2019-11-28 16:15:40,AH3M,LME,1759.0,0,1081,0.0,1769.0,1770.5,1758.5,0.0,0.0,1.7976931348623157e+308,1.7976931348623157e+308,0.0,1758.5,1758.0,1757.5,1757.0,1756.5,1759.0,1759.5,1760.0,1760.5,1761.0,4,1,4,17,2,4,3,9,5,6
20191128,16:15:41.0,2019-11-28 16:15:41,AH3M,LME,1759.0,0,1081,0.0,1769.0,1770.5,1758.5,0.0,0.0,1.7976931348623157e+308,1.7976931348623157e+308,0.0,1758.5,1758.0,1757.5,1757.0,1756.5,1759.0,1759.5,1760.0,1760.5,1761.0,5,1,4,17,2,4,3,9,5,6
20191128,16:15:48.0,2019-11-28 16:15:48,AH3M,LME,1759.0,0,1081,0.0,1769.0,1770.5,1758.5,0.0,0.0,1.7976931348623157e+308,1.7976931348623157e+308,0.0,1758.5,1758.0,1757.5,1757.0,1756.5,1759.0,1759.5,1760.0,1760.5,1761.0,5,1,4,17,2,3,3,9,5,6
20191128,16:15:49.0,2019-11-28 16:15:49,AH3M,LME,1759.0,0,1081,0.0,1769.0,1770.5,1758.5,0.0,0.0,1.7976931348623157e+308,1.7976931348623157e+308,0.0,1758.5,1758.0,1757.5,1757.0,1756.5,1759.0,1759.5,1760.0,1760.5,1761.0,6,1,4,17,2,3,3,9,5,6
20191128,16:15:49.0,2019-11-28 16:15:49,AH3M,LME,1759.0,0,1085,0.0,1769.0,1770.5,1758.5,0.0,0.0,1.7976931348623157e+308,1.7976931348623157e+308,0.0,1758.5,1758.5,1758.0,1757.5,1757.0,1759.0,1760.0,1760.5,1761.0,1761.5,6,6,1,4,17,1,9,5,6,6
20191128,16:15:54.0,2019-11-28 16:15:54,AH3M,LME,1759.5,0,1094,0.0,1769.0,1770.5,1758.5,0.0,0.0,1.7976931348623157e+308,1.7976931348623157e+308,0.0,1759.5,1759.0,1758.5,1758.0,1757.5,1760.0,1760.5,1761.0,1761.5,1762.0,31,2,5,1,4,5,5,7,6,6
20191128,16:15:54.0,2019-11-28 16:15:54,AH3M,LME,1759.0,0,1127,0.0,1769.0,1770.5,1758.5,0.0,0.0,1.7976931348623157e+308,1.7976931348623157e+308,0.0,1758.5,1758.0,1757.5,1757.0,1756.5,1759.5,1760.0,1760.5,1761.0,1761.5,5,1,4,17,2,3,8,5,6,6
20191128,16:16:03.0,2019-11-28 16:16:03,AH3M,LME,1759.0,0,1127,0.0,1769.0,1770.5,1758.5,0.0,0.0,1.7976931348623157e+308,1.7976931348623157e+308,0.0,1758.5,1758.0,1757.5,1757.0,1756.5,1759.0,1759.5,1760.0,1760.5,1761.0,1,1,4,17,2,5,3,8,5,6
20191128,16:16:04.0,2019-11-28 16:16:04,AH3M,LME,1759.0,0,1127,0.0,1769.0,1770.5,1758.5,0.0,0.0,1.7976931348623157e+308,1.7976931348623157e+308,0.0,1758.0,1757.5,1757.0,1756.5,1756.0,1759.0,1759.5,1760.0,1760.5,1761.0,5,4,17,2,11,5,3,8,5,6
20191128,16:16:14.0,2019-11-28 16:16:14,AH3M,LME,1757.5,0,1174,0.0,1769.0,1770.5,1756.0,0.0,0.0,1.7976931348623157e+308,1.7976931348623157e+308,0.0,1756.5,1756.0,1755.5,1755.0,1754.5,1758.0,1758.5,1759.0,1759.5,1760.0,2,2,5,1,9,2,1,8,5,7
20191128,16:16:15.0,2019-11-28 16:16:15,AH3M,LME,1756.0,0,1178,0.0,1769.0,1770.5,1756.0,0.0,0.0,1.7976931348623157e+308,1.7976931348623157e+308,0.0,1755.5,1754.5,1754.0,1753.5,1753.0,1756.5,1757.0,1757.5,1758.0,1758.5,2,8,4,5,32,10,10,2,3,1
20191128,16:16:16.0,2019-11-28 16:16:16,AH3M,LME,1756.5,0,1187,0.0,1769.0,1770.5,1756.0,0.0,0.0,1.7976931348623157e+308,1.7976931348623157e+308,0.0,1756.0,1755.5,1754.5,1754.0,1753.5,1757.0,1757.5,1758.0,1758.5,1759.0,2,5,8,4,5,10,2,3,2,11
20191128,16:16:17.0,2019-11-28 16:16:17,AH3M,LME,1756.5,0,1187,0.0,1769.0,1770.5,1756.0,0.0,0.0,1.7976931348623157e+308,1.7976931348623157e+308,0.0,1756.5,1756.0,1755.5,1755.0,1754.5,1757.0,1757.5,1758.0,1758.5,1759.0,1,2,5,2,8,10,3,3,2,11
20191128,16:16:18.0,2019-11-28 16:16:18,AH3M,LME,1757.0,0,1196,0.0,1769.0,1770.5,1756.0,0.0,0.0,1.7976931348623157e+308,1.7976931348623157e+308,0.0,1756.5,1756.0,1755.5,1755.0,1754.5,1757.0,1757.5,1758.0,1758.5,1759.0,4,1,2,2,8,2,4,3,4,11
20191128,16:16:18.0,2019-11-28 16:16:18,AH3M,LME,1757.0,0,1197,0.0,1769.0,1770.5,1756.0,0.0,0.0,1.7976931348623157e+308,1.7976931348623157e+308,0.0,1757.0,1756.5,1756.0,1755.5,1755.0,1757.5,1758.0,1758.5,1759.0,1759.5,1,5,1,1,2,4,3,4,8,5
20191128,16:16:20.0,2019-11-28 16:16:20,AH3M,LME,1757.0,0,1197,0.0,1769.0,1770.5,1756.0,0.0,0.0,1.7976931348623157e+308,1.7976931348623157e+308,0.0,1757.0,1756.5,1756.0,1755.5,1755.0,1757.5,1758.0,1758.5,1759.0,1759.5,2,4,1,1,2,7,4,2,8,5
20191128,16:16:21.0,2019-11-28 16:16:21,AH3M,LME,1757.0,0,1199,0.0,1769.0,1770.5,1756.0,0.0,0.0,1.7976931348623157e+308,1.7976931348623157e+308,0.0,1756.5,1756.0,1755.0,1754.5,1754.0,1757.5,1758.0,1758.5,1759.0,1759.5,3,1,2,8,4,9,4,2,8,5
20191128,16:16:29.0,2019-11-28 16:16:29,AH3M,LME,1756.5,0,1202,0.0,1769.0,1770.5,1756.0,0.0,0.0,1.7976931348623157e+308,1.7976931348623157e+308,0.0,1755.5,1755.0,1754.5,1754.0,1753.5,1756.5,1757.0,1757.5,1758.0,1758.5,4,5,8,4,5,4,2,8,3,4
20191128,16:16:30.0,2019-11-28 16:16:30,AH3M,LME,1756.5,0,1202,0.0,1769.0,1770.5,1756.0,0.0,0.0,1.7976931348623157e+308,1.7976931348623157e+308,0.0,1756.0,1755.5,1755.0,1754.5,1754.0,1756.5,1757.0,1757.5,1758.0,1758.5,1,4,5,8,4,4,2,8,3,4
20191128,16:16:37.0,2019-11-28 16:16:37,AH3M,LME,1756.5,0,1206,0.0,1769.0,1770.5,1756.0,0.0,0.0,1.7976931348623157e+308,1.7976931348623157e+308,0.0,1756.5,1756.0,1755.5,1755.0,1754.5,1757.0,1757.5,1758.0,1758.5,1759.0,3,1,3,4,8,1,9,3,4,8
20191128,16:16:40.0,2019-11-28 16:16:40,AH3M,LME,1756.5,0,1206,0.0,1769.0,1770.5,1756.0,0.0,0.0,1.7976931348623157e+308,1.7976931348623157e+308,0.0,1756.5,1756.0,1755.5,1755.0,1754.5,1757.0,1757.5,1758.0,1758.5,1759.0,2,1,3,4,8,3,9,3,4,8
20191128,16:16:45.0,2019-11-28 16:16:45,AH3M,LME,1756.5,0,1206,0.0,1769.0,1770.5,1756.0,0.0,0.0,1.7976931348623157e+308,1.7976931348623157e+308,0.0,1756.5,1756.0,1755.5,1755.0,1754.5,1757.0,1757.5,1758.0,1758.5,1759.0,4,1,3,4,8,1,9,3,4,8
20191128,16:16:46.0,2019-11-28 16:16:46,AH3M,LME,1756.5,0,1206,0.0,1769.0,1770.5,1756.0,0.0,0.0,1.7976931348623157e+308,1.7976931348623157e+308,0.0,1756.5,1756.0,1755.5,1755.0,1754.5,1757.5,1758.0,1758.5,1759.0,1759.5,5,1,3,4,8,9,3,4,8,7
20191128,16:17:02.0,2019-11-28 16:17:02,AH3M,LME,1756.5,0,1206,0.0,1769.0,1770.5,1756.0,0.0,0.0,1.7976931348623157e+308,1.7976931348623157e+308,0.0,1756.5,1756.0,1755.5,1755.0,1754.5,1757.5,1758.0,1758.5,1759.0,1759.5,5,1,3,4,8,10,4,4,8,7
20191128,16:17:03.0,2019-11-28 16:17:03,AH3M,LME,1756.5,0,1206,0.0,1769.0,1770.5,1756.0,0.0,0.0,1.7976931348623157e+308,1.7976931348623157e+308,0.0,1756.5,1756.0,1755.5,1755.0,1754.5,1757.5,1758.0,1758.5,1759.0,1759.5,6,1,3,4,8,10,4,4,8,7
20191128,16:17:14.0,2019-11-28 16:17:14,AH3M,LME,1756.5,0,1206,0.0,1769.0,1770.5,1756.0,0.0,0.0,1.7976931348623157e+308,1.7976931348623157e+308,0.0,1756.5,1756.0,1755.5,1755.0,1754.5,1757.5,1758.0,1758.5,1759.0,1759.5,7,1,3,4,8,10,4,4,8,7
20191128,16:17:24.0,2019-11-28 16:17:24,AH3M,LME,1756.5,0,1206,0.0,1769.0,1770.5,1756.0,0.0,0.0,1.7976931348623157e+308,1.7976931348623157e+308,0.0,1757.0,1756.5,1756.0,1755.5,1755.0,1757.5,1758.0,1758.5,1759.0,1759.5,2,7,1,2,4,9,4,4,8,5
20191128,16:17:25.0,2019-11-28 16:17:25,AH3M,LME,1756.5,0,1206,0.0,1769.0,1770.5,1756.0,0.0,0.0,1.7976931348623157e+308,1.7976931348623157e+308,0.0,1757.0,1756.5,1756.0,1755.5,1755.0,1757.5,1758.0,1758.5,1759.0,1759.5,5,4,1,2,4,9,4,4,8,5
20191128,16:17:28.0,2019-11-28 16:17:28,AH3M,LME,1757.5,0,1214,0.0,1769.0,1770.5,1756.0,0.0,0.0,1.7976931348623157e+308,1.7976931348623157e+308,0.0,1757.0,1756.5,1756.0,1755.5,1755.0,1758.0,1758.5,1759.0,1759.5,1760.0,45,3,1,2,4,3,1,7,4,8
20191128,16:17:28.0,2019-11-28 16:17:28,AH3M,LME,1758.0,0,1216,0.0,1769.0,1770.5,1756.0,0.0,0.0,1.7976931348623157e+308,1.7976931348623157e+308,0.0,1757.0,1756.5,1756.0,1755.5,1755.0,1758.0,1758.5,1759.0,1759.5,1760.0,43,3,1,2,4,1,2,8,4,8
20191128,16:17:29.0,2019-11-28 16:17:29,AH3M,LME,1758.0,0,1216,0.0,1769.0,1770.5,1756.0,0.0,0.0,1.7976931348623157e+308,1.7976931348623157e+308,0.0,1757.5,1757.0,1756.5,1756.0,1755.5,1758.0,1758.5,1759.0,1759.5,1760.0,3,42,3,8,2,3,3,7,4,8
20191128,16:17:42.0,2019-11-28 16:17:42,AH3M,LME,1758.0,0,1216,0.0,1769.0,1770.5,1756.0,0.0,0.0,1.7976931348623157e+308,1.7976931348623157e+308,0.0,1757.5,1757.0,1756.5,1756.0,1755.5,1758.0,1758.5,1759.0,1759.5,1760.0,4,42,3,10,2,3,3,7,4,8
20191128,16:17:43.0,2019-11-28 16:17:43,AH3M,LME,1758.0,0,1216,0.0,1769.0,1770.5,1756.0,0.0,0.0,1.7976931348623157e+308,1.7976931348623157e+308,0.0,1757.5,1757.0,1756.5,1756.0,1755.5,1758.0,1758.5,1759.0,1759.5,1760.0,4,42,3,10,2,2,3,7,4,8
20191128,16:17:52.0,2019-11-28 16:17:52,AH3M,LME,1758.0,0,1218,0.0,1769.0,1770.5,1756.0,0.0,0.0,1.7976931348623157e+308,1.7976931348623157e+308,0.0,1758.0,1757.5,1757.0,1756.5,1756.0,1758.5,1759.0,1759.5,1760.0,1760.5,1,4,42,3,10,5,7,2,8,7
20191128,16:17:53.0,2019-11-28 16:17:53,AH3M,LME,1758.0,0,1218,0.0,1769.0,1770.5,1756.0,0.0,0.0,1.7976931348623157e+308,1.7976931348623157e+308,0.0,1758.0,1757.5,1757.0,1756.5,1756.0,1758.5,1759.0,1759.5,1760.0,1760.5,2,3,42,3,10,6,8,2,8,7
20191128,16:17:53.0,2019-11-28 16:17:53,AH3M,LME,1758.0,0,1226,0.0,1769.0,1770.5,1756.0,0.0,0.0,1.7976931348623157e+308,1.7976931348623157e+308,0.0,1757.5,1757.0,1756.5,1756.0,1755.5,1758.5,1759.0,1759.5,1760.0,1760.5,2,42,3,10,3,7,8,2,8,7
20191128,16:17:55.0,2019-11-28 16:17:55,AH3M,LME,1758.0,0,1226,0.0,1769.0,1770.5,1756.0,0.0,0.0,1.7976931348623157e+308,1.7976931348623157e+308,0.0,1757.5,1757.0,1756.5,1756.0,1755.5,1758.0,1758.5,1759.0,1759.5,1760.0,4,42,3,10,3,2,6,7,3,8
20191128,16:18:10.0,2019-11-28 16:18:10,AH3M,LME,1758.0,0,1226,0.0,1769.0,1770.5,1756.0,0.0,0.0,1.7976931348623157e+308,1.7976931348623157e+308,0.0,1757.5,1757.0,1756.5,1756.0,1755.5,1758.0,1758.5,1759.0,1759.5,1760.0,5,42,3,10,3,2,6,7,3,8
20191128,16:18:15.0,2019-11-28 16:18:15,AH3M,LME,1758.0,0,1228,0.0,1769.0,1770.5,1756.0,0.0,0.0,1.7976931348623157e+308,1.7976931348623157e+308,0.0,1758.0,1757.0,1756.5,1756.0,1755.5,1758.5,1758.5,1759.0,1759.5,1760.0,2,42,3,10,3,7,7,7,3,8
20191128,16:18:15.0,2019-11-28 16:18:15,AH3M,LME,1758.0,0,1230,0.0,1769.0,1770.5,1756.0,0.0,0.0,1.7976931348623157e+308,1.7976931348623157e+308,0.0,1758.0,1757.5,1757.0,1756.5,1756.0,1758.5,1759.0,1759.5,1760.0,1760.5,3,4,42,3,10,8,8,3,8,7
20191128,16:18:16.0,2019-11-28 16:18:16,AH3M,LME,1758.0,0,1230,0.0,1769.0,1770.5,1756.0,0.0,0.0,1.7976931348623157e+308,1.7976931348623157e+308,0.0,1758.0,1757.5,1757.0,1756.5,1756.0,1758.5,1759.0,1759.5,1760.0,1760.5,4,3,42,3,10,8,8,3,8,7
20191128,16:18:17.0,2019-11-28 16:18:17,AH3M,LME,1758.0,0,1230,0.0,1769.0,1770.5,1756.0,0.0,0.0,1.7976931348623157e+308,1.7976931348623157e+308,0.0,1758.0,1757.5,1757.0,1756.5,1756.0,1758.5,1759.0,1759.5,1760.0,1760.5,4,3,42,3,10,7,8,3,8,7
20191128,16:18:29.0,2019-11-28 16:18:29,AH3M,LME,1758.0,0,1230,0.0,1769.0,1770.5,1756.0,0.0,0.0,1.7976931348623157e+308,1.7976931348623157e+308,0.0,1758.0,1757.5,1757.0,1756.5,1756.0,1758.5,1759.0,1759.5,1760.0,1760.5,4,3,42,3,10,6,8,3,8,7
20191128,16:18:30.0,2019-11-28 16:18:30,AH3M,LME,1758.0,0,1230,0.0,1769.0,1770.5,1756.0,0.0,0.0,1.7976931348623157e+308,1.7976931348623157e+308,0.0,1758.0,1757.5,1757.0,1756.5,1756.0,1758.5,1759.0,1759.5,1760.0,1760.5,4,3,42,3,10,4,8,3,8,7
20191128,16:18:38.0,2019-11-28 16:18:38,AH3M,LME,1758.0,0,1240,0.0,1769.0,1770.5,1756.0,0.0,0.0,1.7976931348623157e+308,1.7976931348623157e+308,0.0,1758.0,1757.5,1757.0,1756.5,1756.0,1758.5,1759.0,1759.5,1760.0,1760.5,1,3,42,3,10,4,8,2,8,7
20191128,16:18:39.0,2019-11-28 16:18:39,AH3M,LME,1758.0,0,1240,0.0,1769.0,1770.5,1756.0,0.0,0.0,1.7976931348623157e+308,1.7976931348623157e+308,0.0,1758.0,1757.5,1757.0,1756.5,1756.0,1758.5,1759.0,1759.5,1760.0,1760.5,1,2,41,3,10,4,8,2,8,7
20191128,16:18:40.0,2019-11-28 16:18:40,AH3M,LME,1758.0,0,1240,0.0,1769.0,1770.5,1756.0,0.0,0.0,1.7976931348623157e+308,1.7976931348623157e+308,0.0,1758.0,1757.5,1757.0,1756.5,1756.0,1758.5,1759.0,1759.5,1760.0,1760.5,2,2,41,3,10,4,8,2,8,7
20191128,16:18:55.0,2019-11-28 16:18:55,AH3M,LME,1758.0,0,1240,0.0,1769.0,1770.5,1756.0,0.0,0.0,1.7976931348623157e+308,1.7976931348623157e+308,0.0,1758.0,1757.5,1757.0,1756.5,1756.0,1758.5,1759.0,1759.5,1760.0,1760.5,4,2,41,3,10,4,8,2,8,7
20191128,16:18:56.0,2019-11-28 16:18:56,AH3M,LME,1758.0,0,1240,0.0,1769.0,1770.5,1756.0,0.0,0.0,1.7976931348623157e+308,1.7976931348623157e+308,0.0,1758.0,1757.5,1757.0,1756.5,1756.0,1758.5,1759.0,1759.5,1760.0,1760.5,4,2,41,3,10,3,8,2,8,7
20191128,16:18:56.0,2019-11-28 16:18:56,AH3M,LME,1758.0,0,1240,0.0,1769.0,1770.5,1756.0,0.0,0.0,1.7976931348623157e+308,1.7976931348623157e+308,0.0,1758.0,1757.5,1757.0,1756.5,1756.0,1758.5,1759.0,1759.5,1760.0,1760.5,4,2,41,3,10,3,8,2,8,7
20191128,16:18:56.0,2019-11-28 16:18:56,AH3M,LME,1758.0,0,1240,0.0,1769.0,1770.5,1756.0,0.0,0.0,1.7976931348623157e+308,1.7976931348623157e+308,0.0,1758.0,1757.5,1757.0,1756.5,1756.0,1758.5,1759.0,1759.5,1760.0,1760.5,4,2,41,3,10,3,8,2,8,7
20191128,16:20:03.0,2019-11-28 16:20:03,AH3M,LME,1758.5,0,1246,0.0,1769.0,1770.5,1756.0,0.0,0.0,1.7976931348623157e+308,1.7976931348623157e+308,0.0,1758.0,1758.0,1757.5,1757.0,1756.5,1759.0,1759.5,1760.0,1760.5,1761.0,6,6,4,41,4,4,2,7,7,9
20191128,16:20:03.0,2019-11-28 16:20:03,AH3M,LME,1758.0,0,1279,0.0,1769.0,1770.5,1756.0,0.0,0.0,1.7976931348623157e+308,1.7976931348623157e+308,0.0,1758.0,1757.5,1757.0,1756.5,1756.0,1758.5,1759.0,1759.5,1760.0,1760.5,2,4,41,4,10,3,6,5,7,7
20191128,16:20:04.0,2019-11-28 16:20:04,AH3M,LME,1758.0,0,1279,0.0,1769.0,1770.5,1756.0,0.0,0.0,1.7976931348623157e+308,1.7976931348623157e+308,0.0,1758.0,1757.5,1757.0,1756.5,1756.0,1758.5,1759.0,1759.5,1760.0,1760.5,4,4,41,4,10,4,6,5,7,7
20191128,16:20:07.0,2019-11-28 16:20:07,AH3M,LME,1758.0,0,1279,0.0,1769.0,1770.5,1756.0,0.0,0.0,1.7976931348623157e+308,1.7976931348623157e+308,0.0,1758.0,1757.5,1757.0,1756.5,1756.0,1758.5,1759.0,1759.5,1760.0,1760.5,5,4,41,4,10,3,6,5,7,7
20191128,16:20:07.0,2019-11-28 16:20:07,AH3M,LME,1758.0,0,1279,0.0,1769.0,1770.5,1756.0,0.0,0.0,1.7976931348623157e+308,1.7976931348623157e+308,0.0,1758.0,1757.5,1757.0,1756.5,1756.0,1758.5,1759.0,1759.5,1760.0,1760.5,5,4,41,4,10,3,6,5,7,7
20191128,16:20:10.0,2019-11-28 16:20:10,AH3M,LME,1758.5,0,1282,0.0,1769.0,1770.5,1756.0,0.0,0.0,1.7976931348623157e+308,1.7976931348623157e+308,0.0,1758.0,1757.5,1757.0,1756.5,1756.0,1759.0,1759.5,1760.0,1760.5,1761.0,6,4,41,4,10,5,5,7,7,9
20191128,16:20:11.0,2019-11-28 16:20:11,AH3M,LME,1758.5,0,1282,0.0,1769.0,1770.5,1756.0,0.0,0.0,1.7976931348623157e+308,1.7976931348623157e+308,0.0,1758.5,1758.0,1757.5,1757.0,1756.5,1759.0,1759.5,1760.0,1760.5,1761.0,5,2,4,41,4,4,5,7,7,9
20191128,16:20:32.0,2019-11-28 16:20:32,AH3M,LME,1758.5,0,1282,0.0,1769.0,1770.5,1756.0,0.0,0.0,1.7976931348623157e+308,1.7976931348623157e+308,0.0,1758.5,1758.0,1757.5,1757.0,1756.5,1759.0,1759.5,1760.0,1760.5,1761.0,5,8,4,41,4,3,6,7,7,9
20191128,16:20:34.0,2019-11-28 16:20:34,AH3M,LME,1758.5,0,1282,0.0,1769.0,1770.5,1756.0,0.0,0.0,1.7976931348623157e+308,1.7976931348623157e+308,0.0,1758.5,1758.0,1757.5,1757.0,1756.5,1759.0,1759.5,1760.0,1760.5,1761.0,6,8,4,41,4,3,6,7,7,9
20191128,16:20:46.0,2019-11-28 16:20:46,AH3M,LME,1759.0,0,1284,0.0,1769.0,1770.5,1756.0,0.0,0.0,1.7976931348623157e+308,1.7976931348623157e+308,0.0,1758.5,1758.0,1757.5,1757.0,1756.5,1759.0,1759.5,1760.0,1760.5,1761.0,6,8,4,41,4,3,6,7,6,9
20191128,16:21:01.0,2019-11-28 16:21:01,AH3M,LME,1759.0,0,1284,0.0,1769.0,1770.5,1756.0,0.0,0.0,1.7976931348623157e+308,1.7976931348623157e+308,0.0,1758.5,1758.0,1757.5,1757.0,1756.5,1759.0,1759.5,1760.0,1760.5,1761.0,7,8,4,41,4,3,6,6,6,9
20191128,16:21:08.0,2019-11-28 16:21:08,AH3M,LME,1759.0,0,1287,0.0,1769.0,1770.5,1756.0,0.0,0.0,1.7976931348623157e+308,1.7976931348623157e+308,0.0,1759.0,1758.5,1758.0,1757.5,1757.0,1759.5,1760.0,1760.5,1761.0,1761.5,2,3,8,4,41,6,6,6,9,5
20191128,16:21:08.0,2019-11-28 16:21:08,AH3M,LME,1759.0,0,1293,0.0,1769.0,1770.5,1756.0,0.0,0.0,1.7976931348623157e+308,1.7976931348623157e+308,0.0,1759.0,1758.5,1758.0,1757.5,1757.0,1759.5,1760.0,1760.5,1761.0,1761.5,1,3,8,4,41,4,6,6,9,5
20191128,16:21:09.0,2019-11-28 16:21:09,AH3M,LME,1759.0,0,1296,0.0,1769.0,1770.5,1756.0,0.0,0.0,1.7976931348623157e+308,1.7976931348623157e+308,0.0,1758.5,1758.0,1757.5,1757.0,1756.5,1759.0,1759.5,1760.0,1760.5,1761.0,1,8,4,41,6,4,4,6,6,9
20191128,16:21:09.0,2019-11-28 16:21:09,AH3M,LME,1759.0,0,1300,0.0,1769.0,1770.5,1756.0,0.0,0.0,1.7976931348623157e+308,1.7976931348623157e+308,0.0,1759.0,1758.5,1758.0,1757.5,1757.0,1759.5,1760.0,1760.5,1761.0,1761.5,1,1,8,4,41,4,6,6,9,5
20191128,16:21:09.0,2019-11-28 16:21:09,AH3M,LME,1759.0,0,1301,0.0,1769.0,1770.5,1756.0,0.0,0.0,1.7976931348623157e+308,1.7976931348623157e+308,0.0,1758.5,1758.0,1757.5,1757.0,1756.5,1759.0,1759.5,1760.0,1760.5,1761.0,1,8,4,41,6,2,4,6,6,9
20191128,16:21:13.0,2019-11-28 16:21:13,AH3M,LME,1759.0,0,1304,0.0,1769.0,1770.5,1756.0,0.0,0.0,1.7976931348623157e+308,1.7976931348623157e+308,0.0,1759.0,1758.5,1758.0,1757.5,1757.0,1759.5,1760.0,1760.5,1761.0,1761.5,2,1,8,4,41,5,6,6,9,5
20191128,16:21:14.0,2019-11-28 16:21:14,AH3M,LME,1759.0,0,1306,0.0,1769.0,1770.5,1756.0,0.0,0.0,1.7976931348623157e+308,1.7976931348623157e+308,0.0,1758.5,1758.0,1757.5,1757.0,1756.5,1759.0,1759.5,1760.0,1760.5,1761.0,1,8,4,41,6,3,5,6,6,9
20191128,16:21:16.0,2019-11-28 16:21:16,AH3M,LME,1758.5,0,1307,0.0,1769.0,1770.5,1756.0,0.0,0.0,1.7976931348623157e+308,1.7976931348623157e+308,0.0,1758.0,1757.5,1757.0,1756.5,1756.0,1759.0,1759.5,1760.0,1760.5,1761.0,8,4,41,6,10,5,5,6,6,9
20191128,16:21:18.0,2019-11-28 16:21:18,AH3M,LME,1759.0,0,1312,0.0,1769.0,1770.5,1756.0,0.0,0.0,1.7976931348623157e+308,1.7976931348623157e+308,0.0,1758.0,1757.5,1757.0,1756.5,1756.0,1759.0,1760.0,1760.5,1761.0,1761.5,10,4,41,6,10,2,6,6,9,5
20191128,16:21:21.0,2019-11-28 16:21:21,AH3M,LME,1759.0,0,1315,0.0,1769.0,1770.5,1756.0,0.0,0.0,1.7976931348623157e+308,1.7976931348623157e+308,0.0,1759.0,1758.5,1758.0,1757.5,1757.0,1759.5,1760.0,1760.5,1761.0,1761.5,2,1,9,4,41,3,6,6,9,5
20191128,16:21:22.0,2019-11-28 16:21:22,AH3M,LME,1759.0,0,1317,0.0,1769.0,1770.5,1756.0,0.0,0.0,1.7976931348623157e+308,1.7976931348623157e+308,0.0,1758.5,1758.0,1757.5,1757.0,1756.5,1759.0,1759.5,1760.0,1760.5,1761.0,1,9,4,41,6,2,4,6,6,9
20191128,16:21:27.0,2019-11-28 16:21:27,AH3M,LME,1759.0,0,1317,0.0,1769.0,1770.5,1756.0,0.0,0.0,1.7976931348623157e+308,1.7976931348623157e+308,0.0,1758.5,1758.0,1757.5,1757.0,1756.5,1759.0,1759.5,1760.0,1760.5,1761.0,1,9,4,41,6,4,4,6,6,9
20191128,16:21:30.0,2019-11-28 16:21:30,AH3M,LME,1759.0,0,1317,0.0,1769.0,1770.5,1756.0,0.0,0.0,1.7976931348623157e+308,1.7976931348623157e+308,0.0,1758.5,1758.0,1757.5,1757.0,1756.5,1759.0,1759.5,1760.0,1760.5,1761.0,2,9,4,41,6,4,4,6,6,9
20191128,16:21:31.0,2019-11-28 16:21:31,AH3M,LME,1759.0,0,1317,0.0,1769.0,1770.5,1756.0,0.0,0.0,1.7976931348623157e+308,1.7976931348623157e+308,0.0,1758.5,1758.0,1757.5,1757.0,1756.5,1759.0,1759.5,1760.0,1760.5,1761.0,2,9,4,41,6,6,4,6,6,9
20191128,16:22:00.0,2019-11-28 16:22:00,AH3M,LME,1759.0,0,1317,0.0,1769.0,1770.5,1756.0,0.0,0.0,1.7976931348623157e+308,1.7976931348623157e+308,0.0,1758.5,1758.0,1757.5,1757.0,1756.5,1759.0,1759.5,1760.0,1760.5,1761.0,3,9,4,41,6,6,4,6,6,9
20191128,16:22:27.0,2019-11-28 16:22:27,AH3M,LME,1759.0,0,1317,0.0,1769.0,1770.5,1756.0,0.0,0.0,1.7976931348623157e+308,1.7976931348623157e+308,0.0,1758.5,1758.0,1757.5,1757.0,1756.5,1759.0,1759.5,1760.0,1760.5,1761.0,4,9,4,41,6,6,5,6,6,9
20191128,16:22:46.0,2019-11-28 16:22:46,AH3M,LME,1759.0,0,1317,0.0,1769.0,1770.5,1756.0,0.0,0.0,1.7976931348623157e+308,1.7976931348623157e+308,0.0,1758.5,1758.0,1757.5,1757.0,1756.5,1759.0,1759.5,1760.0,1760.5,1761.0,4,9,4,41,6,5,5,6,6,9
20191128,16:22:51.0,2019-11-28 16:22:51,AH3M,LME,1759.0,0,1317,0.0,1769.0,1770.5,1756.0,0.0,0.0,1.7976931348623157e+308,1.7976931348623157e+308,0.0,1758.5,1758.0,1757.5,1757.0,1756.5,1759.0,1759.5,1760.0,1760.5,1761.0,4,9,4,41,6,4,5,6,6,9
20191128,16:22:57.0,2019-11-28 16:22:57,AH3M,LME,1759.0,0,1317,0.0,1769.0,1770.5,1756.0,0.0,0.0,1.7976931348623157e+308,1.7976931348623157e+308,0.0,1758.5,1758.0,1757.5,1757.0,1756.5,1759.0,1759.5,1760.0,1760.5,1761.0,5,9,4,41,6,4,5,6,6,9
20191128,16:23:20.0,2019-11-28 16:23:20,AH3M,LME,1759.0,0,1317,0.0,1769.0,1770.5,1756.0,0.0,0.0,1.7976931348623157e+308,1.7976931348623157e+308,0.0,1758.5,1758.0,1757.5,1757.0,1756.5,1759.0,1759.5,1760.0,1760.5,1761.0,6,9,4,41,6,4,5,6,6,9
20191128,16:23:24.0,2019-11-28 16:23:24,AH3M,LME,1759.0,0,1321,0.0,1769.0,1770.5,1756.0,0.0,0.0,1.7976931348623157e+308,1.7976931348623157e+308,0.0,1758.5,1758.0,1757.5,1757.0,1756.5,1759.0,1759.5,1760.0,1760.5,1761.0,7,9,4,41,6,2,4,6,6,9
20191128,16:23:28.0,2019-11-28 16:23:28,AH3M,LME,1759.0,0,1323,0.0,1769.0,1770.5,1756.0,0.0,0.0,1.7976931348623157e+308,1.7976931348623157e+308,0.0,1758.5,1758.0,1757.5,1757.0,1756.5,1759.0,1759.5,1760.0,1760.5,1761.0,7,9,4,41,6,2,4,6,6,9
20191128,16:23:29.0,2019-11-28 16:23:29,AH3M,LME,1759.0,0,1323,0.0,1769.0,1770.5,1756.0,0.0,0.0,1.7976931348623157e+308,1.7976931348623157e+308,0.0,1759.0,1758.5,1758.0,1757.5,1757.0,1759.5,1760.0,1760.5,1761.0,1761.5,8,1,9,4,41,4,6,6,9,5
20191128,16:23:34.0,2019-11-28 16:23:34,AH3M,LME,1759.5,0,1327,0.0,1769.0,1770.5,1756.0,0.0,0.0,1.7976931348623157e+308,1.7976931348623157e+308,0.0,1759.5,1759.0,1758.5,1758.0,1757.5,1760.0,1760.5,1761.0,1761.5,1762.0,1,7,1,9,4,3,6,9,5,8
20191128,16:23:34.0,2019-11-28 16:23:34,AH3M,LME,1759.5,0,1331,0.0,1769.0,1770.5,1756.0,0.0,0.0,1.7976931348623157e+308,1.7976931348623157e+308,0.0,1759.5,1759.0,1758.5,1758.0,1757.5,1760.0,1760.5,1761.0,1761.5,1762.0,2,6,1,9,4,5,6,9,5,8
20191128,16:23:35.0,2019-11-28 16:23:35,AH3M,LME,1759.5,0,1331,0.0,1769.0,1770.5,1756.0,0.0,0.0,1.7976931348623157e+308,1.7976931348623157e+308,0.0,1759.5,1759.0,1758.5,1758.0,1757.5,1760.0,1760.5,1761.0,1761.5,1762.0,7,1,1,9,4,4,6,8,5,6
20191128,16:23:45.0,2019-11-28 16:23:45,AH3M,LME,1759.5,0,1332,0.0,1769.0,1770.5,1756.0,0.0,0.0,1.7976931348623157e+308,1.7976931348623157e+308,0.0,1759.5,1759.0,1758.5,1758.0,1757.5,1760.0,1760.5,1761.0,1761.5,1762.0,7,1,1,9,4,4,6,8,5,6
20191128,16:23:46.0,2019-11-28 16:23:46,AH3M,LME,1759.5,0,1332,0.0,1769.0,1770.5,1756.0,0.0,0.0,1.7976931348623157e+308,1.7976931348623157e+308,0.0,1759.5,1759.0,1758.5,1758.0,1757.5,1760.0,1760.5,1761.0,1761.5,1762.0,6,1,1,9,4,4,6,8,5,6
20191128,16:23:54.0,2019-11-28 16:23:54,AH3M,LME,1759.5,0,1332,0.0,1769.0,1770.5,1756.0,0.0,0.0,1.7976931348623157e+308,1.7976931348623157e+308,0.0,1759.5,1759.0,1758.5,1758.0,1757.5,1760.0,1760.5,1761.0,1761.5,1762.0,7,1,1,9,4,4,6,8,5,6
20191128,16:24:21.0,2019-11-28 16:24:21,AH3M,LME,1759.5,0,1332,0.0,1769.0,1770.5,1756.0,0.0,0.0,1.7976931348623157e+308,1.7976931348623157e+308,0.0,1759.5,1759.0,1758.5,1758.0,1757.5,1760.0,1760.5,1761.0,1761.5,1762.0,8,1,1,9,4,4,6,8,5,6
20191128,16:24:22.0,2019-11-28 16:24:22,AH3M,LME,1759.5,0,1332,0.0,1769.0,1770.5,1756.0,0.0,0.0,1.7976931348623157e+308,1.7976931348623157e+308,0.0,1759.5,1759.0,1758.5,1758.0,1757.5,1760.0,1760.5,1761.0,1761.5,1762.0,8,1,1,9,4,3,6,8,5,6
20191128,16:24:33.0,2019-11-28 16:24:33,AH3M,LME,1759.5,0,1332,0.0,1769.0,1770.5,1756.0,0.0,0.0,1.7976931348623157e+308,1.7976931348623157e+308,0.0,1759.5,1759.0,1758.5,1758.0,1757.5,1760.0,1760.5,1761.0,1761.5,1762.0,8,1,1,9,4,4,6,8,5,6
20191128,16:24:34.0,2019-11-28 16:24:34,AH3M,LME,1759.5,0,1332,0.0,1769.0,1770.5,1756.0,0.0,0.0,1.7976931348623157e+308,1.7976931348623157e+308,0.0,1759.5,1759.0,1758.5,1758.0,1757.5,1760.0,1760.5,1761.0,1761.5,1762.0,8,1,1,9,4,5,6,8,5,6
20191128,16:24:37.0,2019-11-28 16:24:37,AH3M,LME,1759.5,0,1333,0.0,1769.0,1770.5,1756.0,0.0,0.0,1.7976931348623157e+308,1.7976931348623157e+308,0.0,1759.5,1759.0,1758.5,1758.0,1757.5,1760.0,1760.5,1761.0,1761.5,1762.0,7,1,1,9,4,4,6,8,5,6
20191128,16:24:50.0,2019-11-28 16:24:50,AH3M,LME,1759.5,0,1333,0.0,1769.0,1770.5,1756.0,0.0,0.0,1.7976931348623157e+308,1.7976931348623157e+308,0.0,1759.5,1759.0,1758.5,1758.0,1757.5,1760.0,1760.5,1761.0,1761.5,1762.0,8,1,1,9,4,4,6,8,5,6
20191128,16:24:57.0,2019-11-28 16:24:57,AH3M,LME,1759.5,0,1334,0.0,1769.0,1770.5,1756.0,0.0,0.0,1.7976931348623157e+308,1.7976931348623157e+308,0.0,1759.5,1759.0,1758.5,1758.0,1757.5,1760.0,1760.5,1761.0,1761.5,1762.0,7,1,1,9,4,4,6,8,5,6
20191128,16:24:59.0,2019-11-28 16:24:59,AH3M,LME,1759.5,0,1334,0.0,1769.0,1770.5,1756.0,0.0,0.0,1.7976931348623157e+308,1.7976931348623157e+308,0.0,1759.5,1759.0,1758.5,1758.0,1757.5,1760.0,1760.5,1761.0,1761.5,1762.0,8,1,1,9,4,4,6,8,5,6
20191128,16:25:05.0,2019-11-28 16:25:05,AH3M,LME,1759.5,0,1334,0.0,1769.0,1770.5,1756.0,0.0,0.0,1.7976931348623157e+308,1.7976931348623157e+308,0.0,1759.5,1759.0,1758.5,1758.0,1757.5,1760.0,1760.5,1761.0,1761.5,1762.0,8,1,1,9,4,5,6,8,5,6
20191128,16:25:09.0,2019-11-28 16:25:09,AH3M,LME,1759.5,0,1334,0.0,1769.0,1770.5,1756.0,0.0,0.0,1.7976931348623157e+308,1.7976931348623157e+308,0.0,1759.5,1759.0,1758.5,1758.0,1757.5,1760.0,1760.5,1761.0,1761.5,1762.0,7,1,1,9,4,5,6,8,5,6
20191128,16:25:10.0,2019-11-28 16:25:10,AH3M,LME,1759.5,0,1334,0.0,1769.0,1770.5,1756.0,0.0,0.0,1.7976931348623157e+308,1.7976931348623157e+308,0.0,1759.5,1759.0,1758.5,1758.0,1757.5,1760.0,1760.5,1761.0,1761.5,1762.0,7,1,1,9,4,6,6,8,5,6
20191128,16:25:11.0,2019-11-28 16:25:11,AH3M,LME,1759.5,0,1341,0.0,1769.0,1770.5,1756.0,0.0,0.0,1.7976931348623157e+308,1.7976931348623157e+308,0.0,1758.5,1758.0,1757.5,1757.0,1756.5,1759.5,1760.0,1760.5,1761.0,1761.5,2,3,4,43,6,4,8,6,8,5
20191128,16:25:18.0,2019-11-28 16:25:18,AH3M,LME,1759.5,0,1341,0.0,1769.0,1770.5,1756.0,0.0,0.0,1.7976931348623157e+308,1.7976931348623157e+308,0.0,1758.5,1758.0,1757.5,1757.0,1756.5,1759.0,1759.5,1760.0,1760.5,1761.0,4,3,4,43,6,2,5,6,6,8
20191128,16:25:23.0,2019-11-28 16:25:23,AH3M,LME,1759.5,0,1341,0.0,1769.0,1770.5,1756.0,0.0,0.0,1.7976931348623157e+308,1.7976931348623157e+308,0.0,1758.5,1758.0,1757.5,1757.0,1756.5,1759.0,1759.5,1760.0,1760.5,1761.0,4,3,4,43,6,3,5,6,6,8
20191128,16:25:24.0,2019-11-28 16:25:24,AH3M,LME,1759.5,0,1341,0.0,1769.0,1770.5,1756.0,0.0,0.0,1.7976931348623157e+308,1.7976931348623157e+308,0.0,1758.5,1758.0,1757.5,1757.0,1756.5,1759.0,1759.5,1760.0,1760.5,1761.0,3,3,4,43,6,5,5,5,6,8
20191128,16:25:47.0,2019-11-28 16:25:47,AH3M,LME,1759.5,0,1341,0.0,1769.0,1770.5,1756.0,0.0,0.0,1.7976931348623157e+308,1.7976931348623157e+308,0.0,1758.5,1758.0,1757.5,1757.0,1756.5,1759.0,1759.5,1760.0,1760.5,1761.0,3,3,4,43,6,5,5,5,6,8
20191128,16:25:52.0,2019-11-28 16:25:52,AH3M,LME,1758.5,0,1344,0.0,1769.0,1770.5,1756.0,0.0,0.0,1.7976931348623157e+308,1.7976931348623157e+308,0.0,1758.0,1757.5,1757.0,1756.5,1756.0,1758.5,1759.5,1760.0,1760.5,1761.0,3,4,43,6,10,2,5,5,6,8
20191128,16:25:57.0,2019-11-28 16:25:57,AH3M,LME,1758.5,0,1344,0.0,1769.0,1770.5,1756.0,0.0,0.0,1.7976931348623157e+308,1.7976931348623157e+308,0.0,1758.0,1757.5,1757.0,1756.5,1756.0,1758.5,1759.0,1759.5,1760.0,1760.5,3,4,43,6,10,5,4,4,4,6
20191128,16:25:59.0,2019-11-28 16:25:59,AH3M,LME,1758.0,0,1352,0.0,1769.0,1770.5,1756.0,0.0,0.0,1.7976931348623157e+308,1.7976931348623157e+308,0.0,1758.5,1758.0,1757.5,1757.0,1756.5,1759.0,1759.5,1760.0,1760.5,1761.0,1,5,4,43,6,2,4,4,6,8
20191128,16:26:00.0,2019-11-28 16:26:00,AH3M,LME,1758.0,0,1352,0.0,1769.0,1770.5,1756.0,0.0,0.0,1.7976931348623157e+308,1.7976931348623157e+308,0.0,1758.5,1758.0,1757.5,1757.0,1756.5,1759.0,1759.5,1760.0,1760.5,1761.0,1,5,4,43,6,3,5,4,6,8
20191128,16:26:05.0,2019-11-28 16:26:05,AH3M,LME,1759.0,0,1353,0.0,1769.0,1770.5,1756.0,0.0,0.0,1.7976931348623157e+308,1.7976931348623157e+308,0.0,1758.5,1758.0,1757.5,1757.0,1756.5,1759.0,1759.5,1760.0,1760.5,1761.0,1,5,4,43,6,3,5,4,6,8
20191128,16:26:06.0,2019-11-28 16:26:06,AH3M,LME,1759.0,0,1354,0.0,1769.0,1770.5,1756.0,0.0,0.0,1.7976931348623157e+308,1.7976931348623157e+308,0.0,1758.5,1758.0,1757.5,1757.0,1756.5,1759.5,1760.0,1760.5,1761.0,1761.5,2,5,4,43,6,5,5,6,8,5
20191128,16:26:06.0,2019-11-28 16:26:06,AH3M,LME,1759.5,0,1357,0.0,1769.0,1770.5,1756.0,0.0,0.0,1.7976931348623157e+308,1.7976931348623157e+308,0.0,1758.5,1758.0,1757.5,1757.0,1756.5,1759.5,1760.0,1760.5,1761.0,1761.5,4,5,4,43,6,3,5,6,8,5
20191128,16:26:06.0,2019-11-28 16:26:06,AH3M,LME,1759.5,0,1358,0.0,1769.0,1770.5,1756.0,0.0,0.0,1.7976931348623157e+308,1.7976931348623157e+308,0.0,1758.5,1758.0,1757.5,1757.0,1756.5,1759.5,1760.0,1760.5,1761.0,1761.5,4,5,4,43,6,2,5,6,8,5
20191128,16:26:06.0,2019-11-28 16:26:06,AH3M,LME,1759.5,0,1360,0.0,1769.0,1770.5,1756.0,0.0,0.0,1.7976931348623157e+308,1.7976931348623157e+308,0.0,1758.5,1758.0,1757.5,1757.0,1756.5,1760.0,1760.5,1761.0,1761.5,1762.0,4,5,4,43,6,6,7,8,5,8
20191128,16:26:06.0,2019-11-28 16:26:06,AH3M,LME,1759.5,0,1362,0.0,1769.0,1770.5,1756.0,0.0,0.0,1.7976931348623157e+308,1.7976931348623157e+308,0.0,1758.5,1758.0,1757.5,1757.0,1756.5,1760.0,1760.5,1761.0,1761.5,1762.0,4,4,4,43,6,5,6,8,5,8
20191128,16:26:06.0,2019-11-28 16:26:06,AH3M,LME,1759.5,0,1363,0.0,1769.0,1770.5,1756.0,0.0,0.0,1.7976931348623157e+308,1.7976931348623157e+308,0.0,1758.5,1758.0,1757.5,1757.0,1756.5,1759.5,1760.0,1760.5,1761.0,1761.5,4,5,4,43,6,2,5,6,8,5
20191128,16:26:07.0,2019-11-28 16:26:07,AH3M,LME,1759.5,0,1365,0.0,1769.0,1770.5,1756.0,0.0,0.0,1.7976931348623157e+308,1.7976931348623157e+308,0.0,1759.5,1758.5,1758.0,1757.5,1757.0,1760.0,1760.5,1761.0,1761.5,1762.0,1,5,5,4,43,5,6,8,5,8
20191128,16:26:15.0,2019-11-28 16:26:15,AH3M,LME,1759.5,0,1365,0.0,1769.0,1770.5,1756.0,0.0,0.0,1.7976931348623157e+308,1.7976931348623157e+308,0.0,1759.5,1758.5,1758.0,1757.5,1757.0,1760.0,1760.5,1761.0,1761.5,1762.0,2,6,4,4,43,4,6,8,5,8
20191128,16:26:16.0,2019-11-28 16:26:16,AH3M,LME,1759.5,0,1365,0.0,1769.0,1770.5,1756.0,0.0,0.0,1.7976931348623157e+308,1.7976931348623157e+308,0.0,1759.5,1758.5,1758.0,1757.5,1757.0,1760.0,1760.5,1761.0,1761.5,1762.0,3,6,4,4,43,3,6,8,5,8
20191128,16:26:40.0,2019-11-28 16:26:40,AH3M,LME,1759.5,0,1365,0.0,1769.0,1770.5,1756.0,0.0,0.0,1.7976931348623157e+308,1.7976931348623157e+308,0.0,1759.5,1758.5,1758.0,1757.5,1757.0,1760.0,1760.5,1761.0,1761.5,1762.0,2,6,4,4,43,5,6,8,5,6
20191128,16:26:40.0,2019-11-28 16:26:40,AH3M,LME,1759.5,0,1367,0.0,1769.0,1770.5,1756.0,0.0,0.0,1.7976931348623157e+308,1.7976931348623157e+308,0.0,1759.5,1758.5,1758.0,1757.5,1757.0,1760.0,1760.5,1761.0,1761.5,1762.0,1,5,4,4,43,4,6,8,5,8
20191128,16:26:40.0,2019-11-28 16:26:40,AH3M,LME,1759.5,0,1368,0.0,1769.0,1770.5,1756.0,0.0,0.0,1.7976931348623157e+308,1.7976931348623157e+308,0.0,1758.5,1758.0,1757.5,1757.0,1756.5,1760.0,1760.5,1761.0,1761.5,1762.0,5,4,4,43,6,5,6,8,5,8
20191128,16:26:44.0,2019-11-28 16:26:44,AH3M,LME,1759.5,0,1368,0.0,1769.0,1770.5,1756.0,0.0,0.0,1.7976931348623157e+308,1.7976931348623157e+308,0.0,1759.0,1758.5,1758.0,1757.5,1757.0,1760.0,1760.5,1761.0,1761.5,1762.0,4,5,4,4,43,5,6,8,5,8
20191128,16:26:45.0,2019-11-28 16:26:45,AH3M,LME,1759.5,0,1368,0.0,1769.0,1770.5,1756.0,0.0,0.0,1.7976931348623157e+308,1.7976931348623157e+308,0.0,1759.5,1759.0,1758.5,1758.0,1757.5,1760.0,1760.5,1761.0,1761.5,1762.0,1,4,4,4,4,5,6,8,5,6
20191128,16:26:58.0,2019-11-28 16:26:58,AH3M,LME,1759.5,0,1368,0.0,1769.0,1770.5,1756.0,0.0,0.0,1.7976931348623157e+308,1.7976931348623157e+308,0.0,1759.5,1759.0,1758.5,1758.0,1757.5,1760.0,1760.5,1761.0,1761.5,1762.0,2,4,4,4,4,3,6,8,5,6
20191128,16:27:13.0,2019-11-28 16:27:13,AH3M,LME,1759.5,0,1368,0.0,1769.0,1770.5,1756.0,0.0,0.0,1.7976931348623157e+308,1.7976931348623157e+308,0.0,1759.5,1759.0,1758.5,1758.0,1757.5,1760.0,1760.5,1761.0,1761.5,1762.0,3,4,4,4,4,3,6,8,5,6
20191128,16:27:14.0,2019-11-28 16:27:14,AH3M,LME,1759.5,0,1369,0.0,1769.0,1770.5,1756.0,0.0,0.0,1.7976931348623157e+308,1.7976931348623157e+308,0.0,1759.5,1759.0,1758.5,1758.0,1757.5,1760.0,1760.5,1761.0,1761.5,1762.0,3,4,4,4,4,3,6,8,5,6
20191128,16:27:14.0,2019-11-28 16:27:14,AH3M,LME,1759.5,0,1370,0.0,1769.0,1770.5,1756.0,0.0,0.0,1.7976931348623157e+308,1.7976931348623157e+308,0.0,1759.5,1759.0,1758.5,1758.0,1757.5,1760.0,1760.5,1761.0,1761.5,1762.0,1,4,4,4,4,4,6,8,5,6
20191128,16:27:20.0,2019-11-28 16:27:20,AH3M,LME,1759.5,0,1371,0.0,1769.0,1770.5,1756.0,0.0,0.0,1.7976931348623157e+308,1.7976931348623157e+308,0.0,1759.5,1759.0,1758.5,1758.0,1757.5,1760.0,1760.5,1761.0,1761.5,1762.0,1,4,4,4,4,4,6,8,5,6
