date,time,datetime,symbol,exchange,lastPrice,lastVolume,volume,openInterest,openPrice,highPrice,lowPrice,preClosePrice,preSettlementPrice,upperLimit,lowerLimit,turnover,bidPrice1,bidPrice2,bidPrice3,bidPrice4,bidPrice5,askPrice1,askPrice2,askPrice3,askPrice4,askPrice5,bidVolume1,bidVolume2,bidVolume3,bidVolume4,bidVolume5,askVolume1,askVolume2,askVolume3,askVolume4,askVolume5
20191128,15:10:14.0,2019-11-28 15:10:14,CA3M,LME,5912.5,0,1439,0.0,5935.5,5935.5,5911.0,0.0,0.0,1.7976931348623157e+308,1.7976931348623157e+308,0.0,5911.5,5911.0,5910.5,5910.0,5909.5,5913.0,5913.5,5914.0,5914.5,5915.0,1,7,1,17,2,3,1,6,2,4
20191128,15:10:14.0,2019-11-28 15:10:14,CA3M,LME,5912.5,0,1439,0.0,5935.5,5935.5,5911.0,0.0,0.0,1.7976931348623157e+308,1.7976931348623157e+308,0.0,5911.5,5911.0,5910.5,5910.0,5909.5,5913.0,5913.5,5914.0,5914.5,5915.0,1,7,1,17,2,3,1,6,2,4
20191128,15:10:19.0,2019-11-28 15:10:19,CA3M,LME,5912.5,0,1439,0.0,5935.5,5935.5,5911.0,0.0,0.0,1.7976931348623157e+308,1.7976931348623157e+308,0.0,5911.5,5911.0,5910.5,5910.0,5909.5,5912.0,5913.0,5913.5,5914.0,5914.5,1,7,1,16,2,2,3,2,5,2
20191128,15:10:27.0,2019-11-28 15:10:27,CA3M,LME,5912.0,0,1441,0.0,5935.5,5935.5,5911.0,0.0,0.0,1.7976931348623157e+308,1.7976931348623157e+308,0.0,5911.5,5911.0,5910.5,5910.0,5909.5,5913.0,5913.5,5914.0,5914.5,5915.0,2,8,1,16,2,3,2,4,2,3
20191128,15:10:29.0,2019-11-28 15:10:29,CA3M,LME,5912.0,0,1441,0.0,5935.5,5935.5,5911.0,0.0,0.0,1.7976931348623157e+308,1.7976931348623157e+308,0.0,5911.5,5911.0,5910.5,5910.0,5909.5,5913.0,5913.5,5914.0,5914.5,5915.0,1,7,1,16,2,4,2,5,2,3
20191128,15:10:35.0,2019-11-28 15:10:35,CA3M,LME,5912.0,0,1441,0.0,5935.5,5935.5,5911.0,0.0,0.0,1.7976931348623157e+308,1.7976931348623157e+308,0.0,5911.5,5911.0,5910.5,5910.0,5909.5,5913.0,5913.5,5914.0,5914.5,5915.0,1,7,1,16,2,5,2,5,2,3
20191128,15:10:44.0,2019-11-28 15:10:44,CA3M,LME,5911.5,0,1442,0.0,5935.5,5935.5,5911.0,0.0,0.0,1.7976931348623157e+308,1.7976931348623157e+308,0.0,5911.5,5911.0,5910.5,5910.0,5909.5,5913.0,5913.5,5914.0,5914.5,5915.0,1,7,1,16,2,5,2,5,2,3
20191128,15:10:44.0,2019-11-28 15:10:44,CA3M,LME,5911.5,0,1444,0.0,5935.5,5935.5,5911.0,0.0,0.0,1.7976931348623157e+308,1.7976931348623157e+308,0.0,5911.0,5910.5,5910.0,5909.5,5909.0,5911.5,5913.0,5913.5,5914.0,5914.5,7,1,16,2,8,2,5,2,5,2
20191128,15:10:46.0,2019-11-28 15:10:46,CA3M,LME,5911.5,0,1446,0.0,5935.5,5935.5,5911.0,0.0,0.0,1.7976931348623157e+308,1.7976931348623157e+308,0.0,5911.0,5910.5,5910.0,5909.5,5909.0,5912.0,5912.5,5913.0,5913.5,5914.0,7,1,16,2,4,1,1,3,2,5
20191128,15:10:57.0,2019-11-28 15:10:57,CA3M,LME,5911.5,0,1446,0.0,5935.5,5935.5,5911.0,0.0,0.0,1.7976931348623157e+308,1.7976931348623157e+308,0.0,5911.0,5910.5,5910.0,5909.5,5909.0,5912.5,5913.0,5913.5,5914.0,5914.5,7,1,17,2,8,1,4,2,5,2
20191128,15:10:58.0,2019-11-28 15:10:58,CA3M,LME,5911.5,0,1446,0.0,5935.5,5935.5,5911.0,0.0,0.0,1.7976931348623157e+308,1.7976931348623157e+308,0.0,5912.0,5911.5,5911.0,5910.5,5910.0,5913.0,5913.5,5914.0,5914.5,5915.0,1,1,7,1,17,5,2,5,2,3
20191128,15:10:59.0,2019-11-28 15:10:59,CA3M,LME,5911.5,0,1446,0.0,5935.5,5935.5,5911.0,0.0,0.0,1.7976931348623157e+308,1.7976931348623157e+308,0.0,5912.0,5911.5,5911.0,5910.5,5910.0,5913.0,5913.5,5914.0,5914.5,5915.0,1,1,8,1,17,3,2,4,2,3
20191128,15:11:02.0,2019-11-28 15:11:02,CA3M,LME,5911.5,0,1446,0.0,5935.5,5935.5,5911.0,0.0,0.0,1.7976931348623157e+308,1.7976931348623157e+308,0.0,5912.5,5911.5,5911.0,5910.5,5910.0,5913.0,5913.5,5914.0,5914.5,5915.0,1,1,8,1,17,1,2,4,1,5
20191128,15:11:15.0,2019-11-28 15:11:15,CA3M,LME,5913.0,0,1447,0.0,5935.5,5935.5,5911.0,0.0,0.0,1.7976931348623157e+308,1.7976931348623157e+308,0.0,5912.5,5912.0,5911.5,5911.0,5910.5,5913.0,5913.5,5914.0,5914.5,5915.0,1,1,1,8,1,1,2,4,1,5
20191128,15:11:19.0,2019-11-28 15:11:19,CA3M,LME,5913.0,0,1447,0.0,5935.5,5935.5,5911.0,0.0,0.0,1.7976931348623157e+308,1.7976931348623157e+308,0.0,5912.0,5912.0,5911.5,5911.0,5910.5,5913.5,5914.0,5914.5,5915.0,5915.5,1,1,2,8,1,2,4,1,5,4
20191128,15:11:20.0,2019-11-28 15:11:20,CA3M,LME,5912.0,0,1448,0.0,5935.5,5935.5,5911.0,0.0,0.0,1.7976931348623157e+308,1.7976931348623157e+308,0.0,5911.5,5911.0,5910.5,5910.0,5909.5,5913.0,5913.5,5914.0,5914.5,5915.0,1,7,1,16,2,4,2,5,2,3
20191128,15:11:22.0,2019-11-28 15:11:22,CA3M,LME,5912.0,0,1448,0.0,5935.5,5935.5,5911.0,0.0,0.0,1.7976931348623157e+308,1.7976931348623157e+308,0.0,5911.5,5911.0,5910.5,5910.0,5909.5,5913.0,5913.5,5914.0,5914.5,5915.0,1,7,1,17,2,3,1,5,2,3
20191128,15:11:23.0,2019-11-28 15:11:23,CA3M,LME,5912.0,0,1448,0.0,5935.5,5935.5,5911.0,0.0,0.0,1.7976931348623157e+308,1.7976931348623157e+308,0.0,5911.5,5911.0,5910.5,5910.0,5909.5,5913.0,5913.5,5914.0,5914.5,5915.0,1,7,1,17,2,4,2,5,2,3
20191128,15:11:34.0,2019-11-28 15:11:34,CA3M,LME,5912.0,0,1448,0.0,5935.5,5935.5,5911.0,0.0,0.0,1.7976931348623157e+308,1.7976931348623157e+308,0.0,5911.5,5911.0,5910.5,5910.0,5909.5,5913.0,5913.5,5914.0,5914.5,5915.0,2,7,1,16,2,4,2,5,2,3
20191128,15:11:35.0,2019-11-28 15:11:35,CA3M,LME,5912.0,0,1448,0.0,5935.5,5935.5,5911.0,0.0,0.0,1.7976931348623157e+308,1.7976931348623157e+308,0.0,5911.5,5911.0,5910.5,5910.0,5909.5,5913.0,5913.5,5914.0,5914.5,5915.0,2,7,1,16,2,5,2,5,2,3
20191128,15:11:36.0,2019-11-28 15:11:36,CA3M,LME,5912.0,0,1448,0.0,5935.5,5935.5,5911.0,0.0,0.0,1.7976931348623157e+308,1.7976931348623157e+308,0.0,5911.5,5911.0,5910.5,5910.0,5909.5,5913.0,5913.5,5914.0,5914.5,5915.0,2,7,1,17,2,2,2,4,1,5
20191128,15:11:44.0,2019-11-28 15:11:44,CA3M,LME,5912.0,0,1448,0.0,5935.5,5935.5,5911.0,0.0,0.0,1.7976931348623157e+308,1.7976931348623157e+308,0.0,5911.5,5911.0,5910.5,5910.0,5909.5,5913.0,5913.5,5914.0,5914.5,5915.0,2,8,1,17,2,2,2,5,1,5
20191128,15:11:44.0,2019-11-28 15:11:44,CA3M,LME,5911.5,0,1449,0.0,5935.5,5935.5,5911.0,0.0,0.0,1.7976931348623157e+308,1.7976931348623157e+308,0.0,5911.5,5911.0,5910.5,5910.0,5909.5,5913.0,5913.5,5914.0,5914.5,5915.0,1,8,1,17,2,2,2,5,1,5
20191128,15:11:46.0,2019-11-28 15:11:46,CA3M,LME,5911.5,0,1449,0.0,5935.5,5935.5,5911.0,0.0,0.0,1.7976931348623157e+308,1.7976931348623157e+308,0.0,5911.5,5911.0,5910.5,5910.0,5909.5,5913.0,5913.5,5914.0,5914.5,5915.0,1,7,1,17,2,4,1,5,2,3
20191128,15:11:54.0,2019-11-28 15:11:54,CA3M,LME,5911.5,0,1449,0.0,5935.5,5935.5,5911.0,0.0,0.0,1.7976931348623157e+308,1.7976931348623157e+308,0.0,5911.5,5911.0,5910.5,5910.0,5909.5,5913.0,5913.5,5914.0,5914.5,5915.0,2,7,1,17,2,4,1,5,2,3
20191128,15:11:55.0,2019-11-28 15:11:55,CA3M,LME,5911.5,0,1449,0.0,5935.5,5935.5,5911.0,0.0,0.0,1.7976931348623157e+308,1.7976931348623157e+308,0.0,5911.5,5911.0,5910.5,5910.0,5909.5,5913.0,5913.5,5914.0,5914.5,5915.0,2,7,1,16,2,4,2,5,2,3
20191128,15:12:04.0,2019-11-28 15:12:04,CA3M,LME,5911.5,0,1449,0.0,5935.5,5935.5,5911.0,0.0,0.0,1.7976931348623157e+308,1.7976931348623157e+308,0.0,5911.5,5911.0,5910.5,5910.0,5909.5,5913.0,5913.5,5914.0,5914.5,5915.0,2,7,1,16,2,3,1,5,2,3
20191128,15:12:05.0,2019-11-28 15:12:05,CA3M,LME,5911.5,0,1449,0.0,5935.5,5935.5,5911.0,0.0,0.0,1.7976931348623157e+308,1.7976931348623157e+308,0.0,5912.0,5911.5,5911.0,5910.5,5910.0,5913.0,5913.5,5914.0,5914.5,5915.0,1,2,7,1,16,3,1,5,2,3
20191128,15:12:10.0,2019-11-28 15:12:10,CA3M,LME,5911.5,0,1449,0.0,5935.5,5935.5,5911.0,0.0,0.0,1.7976931348623157e+308,1.7976931348623157e+308,0.0,5911.5,5911.0,5910.5,5910.0,5909.5,5913.0,5913.5,5914.0,5914.5,5915.0,2,7,1,16,2,4,2,5,2,3
20191128,15:12:16.0,2019-11-28 15:12:16,CA3M,LME,5911.5,0,1449,0.0,5935.5,5935.5,5911.0,0.0,0.0,1.7976931348623157e+308,1.7976931348623157e+308,0.0,5911.5,5911.0,5910.5,5910.0,5909.5,5913.0,5913.5,5914.0,5914.5,5915.0,2,7,1,16,2,3,1,5,2,3
20191128,15:12:18.0,2019-11-28 15:12:18,CA3M,LME,5911.5,0,1449,0.0,5935.5,5935.5,5911.0,0.0,0.0,1.7976931348623157e+308,1.7976931348623157e+308,0.0,5911.5,5911.0,5910.5,5910.0,5909.5,5913.0,5913.5,5914.0,5914.5,5915.0,2,7,1,16,2,4,2,5,2,3
20191128,15:12:19.0,2019-11-28 15:12:19,CA3M,LME,5911.5,0,1449,0.0,5935.5,5935.5,5911.0,0.0,0.0,1.7976931348623157e+308,1.7976931348623157e+308,0.0,5911.5,5911.0,5910.5,5910.0,5909.5,5913.0,5913.5,5914.0,5914.5,5915.0,2,7,1,16,2,3,2,5,2,3
20191128,15:12:21.0,2019-11-28 15:12:21,CA3M,LME,5911.5,0,1449,0.0,5935.5,5935.5,5911.0,0.0,0.0,1.7976931348623157e+308,1.7976931348623157e+308,0.0,5911.5,5911.0,5910.5,5910.0,5909.5,5912.5,5913.0,5913.5,5914.0,5914.5,2,7,1,16,2,1,2,2,5,2
20191128,15:12:25.0,2019-11-28 15:12:25,CA3M,LME,5911.5,0,1449,0.0,5935.5,5935.5,5911.0,0.0,0.0,1.7976931348623157e+308,1.7976931348623157e+308,0.0,5911.5,5911.0,5910.5,5910.0,5909.5,5913.0,5913.5,5914.0,5914.5,5915.0,2,7,1,17,2,5,1,5,2,3
20191128,15:12:31.0,2019-11-28 15:12:31,CA3M,LME,5911.5,0,1449,0.0,5935.5,5935.5,5911.0,0.0,0.0,1.7976931348623157e+308,1.7976931348623157e+308,0.0,5911.5,5911.0,5910.5,5910.0,5909.5,5913.0,5913.5,5914.0,5914.5,5915.0,2,7,1,16,2,3,1,5,1,3
20191128,15:12:31.0,2019-11-28 15:12:31,CA3M,LME,5912.0,0,1450,0.0,5935.5,5935.5,5911.0,0.0,0.0,1.7976931348623157e+308,1.7976931348623157e+308,0.0,5911.5,5911.0,5910.5,5910.0,5909.5,5913.0,5913.5,5914.0,5914.5,5915.0,2,7,1,16,2,4,1,5,1,3
20191128,15:12:35.0,2019-11-28 15:12:35,CA3M,LME,5912.0,0,1450,0.0,5935.5,5935.5,5911.0,0.0,0.0,1.7976931348623157e+308,1.7976931348623157e+308,0.0,5911.5,5911.0,5910.5,5910.0,5909.5,5912.5,5913.0,5913.5,5914.0,5914.5,2,7,1,17,2,1,4,1,6,2
20191128,15:12:37.0,2019-11-28 15:12:37,CA3M,LME,5912.5,0,1451,0.0,5935.5,5935.5,5911.0,0.0,0.0,1.7976931348623157e+308,1.7976931348623157e+308,0.0,5912.5,5912.0,5911.5,5911.0,5910.5,5913.5,5914.0,5914.5,5915.0,5915.5,2,2,2,9,1,2,2,1,6,4
20191128,15:12:38.0,2019-11-28 15:12:38,CA3M,LME,5912.5,0,1451,0.0,5935.5,5935.5,5911.0,0.0,0.0,1.7976931348623157e+308,1.7976931348623157e+308,0.0,5912.5,5912.0,5911.5,5911.0,5910.5,5914.0,5915.0,5915.5,5916.0,5916.5,2,2,2,9,1,4,6,4,2,4
20191128,15:12:41.0,2019-11-28 15:12:41,CA3M,LME,5912.5,0,1451,0.0,5935.5,5935.5,5911.0,0.0,0.0,1.7976931348623157e+308,1.7976931348623157e+308,0.0,5913.0,5912.5,5912.0,5911.5,5911.0,5914.0,5915.0,5915.5,5916.0,5916.5,1,3,2,2,9,3,6,3,2,4
20191128,15:12:44.0,2019-11-28 15:12:44,CA3M,LME,5912.5,0,1451,0.0,5935.5,5935.5,5911.0,0.0,0.0,1.7976931348623157e+308,1.7976931348623157e+308,0.0,5913.0,5912.5,5912.0,5911.5,5911.0,5914.0,5915.0,5915.5,5916.0,5916.5,1,1,1,2,8,2,6,4,2,4
20191128,15:12:45.0,2019-11-28 15:12:45,CA3M,LME,5912.5,0,1451,0.0,5935.5,5935.5,5911.0,0.0,0.0,1.7976931348623157e+308,1.7976931348623157e+308,0.0,5913.0,5912.5,5912.0,5911.5,5911.0,5913.5,5914.0,5915.0,5915.5,5916.0,1,1,1,2,8,2,3,6,4,2
20191128,15:12:47.0,2019-11-28 15:12:47,CA3M,LME,5912.5,0,1451,0.0,5935.5,5935.5,5911.0,0.0,0.0,1.7976931348623157e+308,1.7976931348623157e+308,0.0,5913.0,5912.5,5912.0,5911.5,5911.0,5914.0,5914.5,5915.0,5915.5,5916.0,2,2,1,2,8,1,1,3,4,5
20191128,15:12:50.0,2019-11-28 15:12:50,CA3M,LME,5913.0,0,1452,0.0,5935.5,5935.5,5911.0,0.0,0.0,1.7976931348623157e+308,1.7976931348623157e+308,0.0,5913.0,5912.5,5912.0,5911.5,5911.0,5914.0,5914.5,5915.0,5915.5,5916.0,1,1,1,2,8,1,1,3,4,5
20191128,15:12:51.0,2019-11-28 15:12:51,CA3M,LME,5913.0,0,1452,0.0,5935.5,5935.5,5911.0,0.0,0.0,1.7976931348623157e+308,1.7976931348623157e+308,0.0,5912.5,5912.0,5911.5,5911.0,5910.5,5914.0,5915.0,5915.5,5916.0,5916.5,1,1,2,8,1,3,6,4,2,4
20191128,15:12:53.0,2019-11-28 15:12:53,CA3M,LME,5913.0,0,1452,0.0,5935.5,5935.5,5911.0,0.0,0.0,1.7976931348623157e+308,1.7976931348623157e+308,0.0,5912.5,5912.0,5911.5,5911.0,5910.5,5914.0,5915.0,5915.5,5916.0,5916.5,2,1,2,8,1,3,6,4,2,4
20191128,15:12:54.0,2019-11-28 15:12:54,CA3M,LME,5913.0,0,1452,0.0,5935.5,5935.5,5911.0,0.0,0.0,1.7976931348623157e+308,1.7976931348623157e+308,0.0,5912.5,5912.0,5911.5,5911.0,5910.5,5914.0,5915.0,5915.5,5916.0,5916.5,2,1,2,8,1,4,6,4,2,4
20191128,15:13:00.0,2019-11-28 15:13:00,CA3M,LME,5913.0,0,1452,0.0,5935.5,5935.5,5911.0,0.0,0.0,1.7976931348623157e+308,1.7976931348623157e+308,0.0,5912.5,5912.0,5911.5,5911.0,5910.5,5914.0,5915.0,5915.5,5916.0,5916.5,2,1,2,8,1,4,6,4,2,4
20191128,15:13:04.0,2019-11-28 15:13:04,CA3M,LME,5913.0,0,1452,0.0,5935.5,5935.5,5911.0,0.0,0.0,1.7976931348623157e+308,1.7976931348623157e+308,0.0,5913.0,5912.5,5912.0,5911.5,5911.0,5914.0,5914.5,5915.0,5915.5,5916.0,1,3,1,2,8,1,1,3,3,5
20191128,15:13:08.0,2019-11-28 15:13:08,CA3M,LME,5913.0,0,1452,0.0,5935.5,5935.5,5911.0,0.0,0.0,1.7976931348623157e+308,1.7976931348623157e+308,0.0,5913.0,5912.5,5912.0,5911.5,5911.0,5914.0,5914.5,5915.0,5915.5,5916.0,2,3,1,2,8,1,1,3,4,5
20191128,15:13:12.0,2019-11-28 15:13:12,CA3M,LME,5913.0,0,1452,0.0,5935.5,5935.5,5911.0,0.0,0.0,1.7976931348623157e+308,1.7976931348623157e+308,0.0,5913.5,5913.0,5912.5,5912.0,5911.5,5914.5,5915.0,5915.5,5916.0,5916.5,1,2,3,1,2,1,4,3,5,4
20191128,15:13:19.0,2019-11-28 15:13:19,CA3M,LME,5913.0,0,1452,0.0,5935.5,5935.5,5911.0,0.0,0.0,1.7976931348623157e+308,1.7976931348623157e+308,0.0,5913.5,5913.0,5912.5,5912.0,5911.5,5915.0,5915.5,5916.0,5916.5,5917.0,2,2,3,1,2,3,3,5,4,4
20191128,15:13:59.0,2019-11-28 15:13:59,CA3M,LME,5913.0,0,1452,0.0,5935.5,5935.5,5911.0,0.0,0.0,1.7976931348623157e+308,1.7976931348623157e+308,0.0,5913.5,5913.0,5912.5,5912.0,5911.5,5914.5,5915.0,5915.5,5916.0,5916.5,1,2,2,1,2,1,3,3,5,4
20191128,15:14:08.0,2019-11-28 15:14:08,CA3M,LME,5913.0,0,1452,0.0,5935.5,5935.5,5911.0,0.0,0.0,1.7976931348623157e+308,1.7976931348623157e+308,0.0,5913.5,5913.5,5913.0,5912.5,5912.0,5914.5,5915.0,5915.5,5916.0,5916.5,2,2,2,2,1,1,2,4,5,4
20191128,15:14:25.0,2019-11-28 15:14:25,CA3M,LME,5913.0,0,1452,0.0,5935.5,5935.5,5911.0,0.0,0.0,1.7976931348623157e+308,1.7976931348623157e+308,0.0,5913.0,5912.5,5912.0,5911.5,5911.0,5914.5,5915.0,5915.5,5916.0,5916.5,2,2,1,2,12,2,2,2,5,4
20191128,15:14:25.0,2019-11-28 15:14:25,CA3M,LME,5914.0,0,1453,0.0,5935.5,5935.5,5911.0,0.0,0.0,1.7976931348623157e+308,1.7976931348623157e+308,0.0,5913.0,5912.5,5912.0,5911.5,5911.0,5914.5,5915.0,5915.5,5916.0,5916.5,2,2,1,2,12,1,3,4,5,4
20191128,15:14:26.0,2019-11-28 15:14:26,CA3M,LME,5914.0,0,1453,0.0,5935.5,5935.5,5911.0,0.0,0.0,1.7976931348623157e+308,1.7976931348623157e+308,0.0,5913.0,5912.5,5912.0,5911.5,5911.0,5914.0,5914.5,5915.0,5915.5,5916.0,1,2,1,2,12,1,2,2,4,5
20191128,15:14:48.0,2019-11-28 15:14:48,CA3M,LME,5914.0,0,1454,0.0,5935.5,5935.5,5911.0,0.0,0.0,1.7976931348623157e+308,1.7976931348623157e+308,0.0,5913.0,5912.5,5912.0,5911.5,5911.0,5914.5,5915.0,5915.5,5916.0,5916.5,1,2,1,2,8,2,1,4,5,4
20191128,15:14:53.0,2019-11-28 15:14:53,CA3M,LME,5914.0,0,1454,0.0,5935.5,5935.5,5911.0,0.0,0.0,1.7976931348623157e+308,1.7976931348623157e+308,0.0,5913.0,5912.5,5912.0,5911.5,5911.0,5914.5,5915.0,5915.5,5916.0,5916.5,2,2,1,1,12,2,3,4,5,4
20191128,15:14:54.0,2019-11-28 15:14:54,CA3M,LME,5914.0,0,1454,0.0,5935.5,5935.5,5911.0,0.0,0.0,1.7976931348623157e+308,1.7976931348623157e+308,0.0,5913.0,5912.5,5912.0,5911.5,5911.0,5914.5,5915.0,5915.5,5916.0,5916.5,1,2,1,1,12,2,3,4,5,4
20191128,15:15:01.0,2019-11-28 15:15:01,CA3M,LME,5914.0,0,1454,0.0,5935.5,5935.5,5911.0,0.0,0.0,1.7976931348623157e+308,1.7976931348623157e+308,0.0,5913.0,5912.5,5912.0,5911.5,5911.0,5914.5,5914.5,5915.0,5915.5,5916.0,1,2,1,1,12,2,2,2,4,5
20191128,15:15:12.0,2019-11-28 15:15:12,CA3M,LME,5914.0,0,1454,0.0,5935.5,5935.5,5911.0,0.0,0.0,1.7976931348623157e+308,1.7976931348623157e+308,0.0,5913.0,5912.5,5912.0,5911.5,5911.0,5914.0,5915.0,5915.5,5916.0,5916.5,1,2,1,1,12,1,3,4,5,4
20191128,15:15:47.0,2019-11-28 15:15:47,CA3M,LME,5914.0,0,1454,0.0,5935.5,5935.5,5911.0,0.0,0.0,1.7976931348623157e+308,1.7976931348623157e+308,0.0,5913.0,5912.5,5912.0,5911.5,5911.0,5914.0,5914.5,5915.0,5915.5,5916.0,2,2,1,1,12,1,2,2,4,5
20191128,15:16:04.0,2019-11-28 15:16:04,CA3M,LME,5914.0,0,1454,0.0,5935.5,5935.5,5911.0,0.0,0.0,1.7976931348623157e+308,1.7976931348623157e+308,0.0,5913.0,5912.5,5912.0,5911.5,5911.0,5914.5,5915.0,5915.5,5916.0,5916.5,2,3,1,1,12,1,1,1,3,4
20191128,15:16:13.0,2019-11-28 15:16:13,CA3M,LME,5914.0,0,1454,0.0,5935.5,5935.5,5911.0,0.0,0.0,1.7976931348623157e+308,1.7976931348623157e+308,0.0,5913.0,5912.5,5912.0,5911.5,5911.0,5914.0,5915.0,5915.5,5916.0,5916.5,2,2,1,1,12,1,1,4,5,4
20191128,15:16:21.0,2019-11-28 15:16:21,CA3M,LME,5914.0,0,1454,0.0,5935.5,5935.5,5911.0,0.0,0.0,1.7976931348623157e+308,1.7976931348623157e+308,0.0,5913.0,5912.5,5912.0,5911.5,5911.0,5914.5,5914.5,5915.0,5915.5,5916.0,2,2,1,1,12,2,2,2,3,5
20191128,15:16:27.0,2019-11-28 15:16:27,CA3M,LME,5914.0,0,1454,0.0,5935.5,5935.5,5911.0,0.0,0.0,1.7976931348623157e+308,1.7976931348623157e+308,0.0,5913.0,5912.5,5912.0,5911.5,5911.0,5914.0,5914.5,5915.0,5915.5,5916.0,2,2,1,1,12,1,2,2,4,4
20191128,15:16:53.0,2019-11-28 15:16:53,CA3M,LME,5914.0,0,1454,0.0,5935.5,5935.5,5911.0,0.0,0.0,1.7976931348623157e+308,1.7976931348623157e+308,0.0,5913.0,5912.5,5912.0,5911.5,5911.0,5914.5,5915.0,5915.5,5916.0,5916.5,2,3,1,1,12,2,1,2,3,3
20191128,15:17:03.0,2019-11-28 15:17:03,CA3M,LME,5914.0,0,1454,0.0,5935.5,5935.5,5911.0,0.0,0.0,1.7976931348623157e+308,1.7976931348623157e+308,0.0,5913.0,5912.5,5912.0,5911.5,5911.0,5914.5,5915.0,5915.5,5916.0,5916.5,2,3,1,3,13,2,2,2,2,4
20191128,15:17:05.0,2019-11-28 15:17:05,CA3M,LME,5914.0,0,1454,0.0,5935.5,5935.5,5911.0,0.0,0.0,1.7976931348623157e+308,1.7976931348623157e+308,0.0,5913.0,5912.5,5912.0,5911.5,5911.0,5914.5,5915.0,5915.5,5916.0,5916.5,2,3,1,3,13,3,2,2,2,4
20191128,15:17:07.0,2019-11-28 15:17:07,CA3M,LME,5914.0,0,1454,0.0,5935.5,5935.5,5911.0,0.0,0.0,1.7976931348623157e+308,1.7976931348623157e+308,0.0,5913.0,5912.5,5912.0,5911.5,5911.0,5914.0,5914.5,5915.0,5915.5,5916.0,2,1,1,1,12,1,3,4,3,4
20191128,15:17:24.0,2019-11-28 15:17:24,CA3M,LME,5914.0,0,1454,0.0,5935.5,5935.5,5911.0,0.0,0.0,1.7976931348623157e+308,1.7976931348623157e+308,0.0,5913.0,5912.5,5912.0,5911.5,5911.0,5914.0,5914.5,5915.0,5915.5,5916.0,2,3,1,3,13,1,2,2,2,2
20191128,15:17:28.0,2019-11-28 15:17:28,CA3M,LME,5914.0,0,1455,0.0,5935.5,5935.5,5911.0,0.0,0.0,1.7976931348623157e+308,1.7976931348623157e+308,0.0,5913.5,5913.0,5912.5,5912.0,5911.5,5914.5,5915.0,5915.5,5916.0,5916.5,1,2,3,1,3,2,2,2,2,4
20191128,15:17:36.0,2019-11-28 15:17:36,CA3M,LME,5914.0,0,1455,0.0,5935.5,5935.5,5911.0,0.0,0.0,1.7976931348623157e+308,1.7976931348623157e+308,0.0,5913.0,5912.5,5912.0,5911.5,5911.0,5914.0,5915.0,5915.5,5916.0,5916.5,2,3,5,3,9,1,2,1,3,4
20191128,15:17:39.0,2019-11-28 15:17:39,CA3M,LME,5914.0,0,1457,0.0,5935.5,5935.5,5911.0,0.0,0.0,1.7976931348623157e+308,1.7976931348623157e+308,0.0,5913.0,5912.5,5912.0,5911.5,5911.0,5914.5,5915.0,5915.5,5916.0,5916.5,1,1,1,1,12,1,3,4,4,4
20191128,15:17:40.0,2019-11-28 15:17:40,CA3M,LME,5914.0,0,1457,0.0,5935.5,5935.5,5911.0,0.0,0.0,1.7976931348623157e+308,1.7976931348623157e+308,0.0,5913.0,5913.0,5912.5,5912.0,5911.5,5914.5,5915.0,5915.5,5916.0,5916.5,1,1,3,1,3,1,2,2,2,4
20191128,15:17:47.0,2019-11-28 15:17:47,CA3M,LME,5914.0,0,1457,0.0,5935.5,5935.5,5911.0,0.0,0.0,1.7976931348623157e+308,1.7976931348623157e+308,0.0,5913.5,5913.0,5912.5,5912.0,5911.5,5914.5,5915.0,5915.5,5916.0,5916.5,2,1,3,1,3,1,2,2,2,4
20191128,15:18:07.0,2019-11-28 15:18:07,CA3M,LME,5914.0,0,1457,0.0,5935.5,5935.5,5911.0,0.0,0.0,1.7976931348623157e+308,1.7976931348623157e+308,0.0,5913.5,5912.5,5912.0,5911.5,5911.0,5914.5,5915.0,5915.5,5916.0,5916.5,2,3,5,3,9,2,2,2,2,4
20191128,15:18:17.0,2019-11-28 15:18:17,CA3M,LME,5914.0,0,1457,0.0,5935.5,5935.5,5911.0,0.0,0.0,1.7976931348623157e+308,1.7976931348623157e+308,0.0,5913.5,5912.5,5912.0,5911.5,5911.0,5914.5,5915.0,5915.5,5916.0,5916.5,2,3,5,3,9,1,2,1,3,4
20191128,15:18:17.0,2019-11-28 15:18:17,CA3M,LME,5913.5,0,1458,0.0,5935.5,5935.5,5911.0,0.0,0.0,1.7976931348623157e+308,1.7976931348623157e+308,0.0,5913.5,5912.5,5912.0,5911.5,5911.0,5914.5,5915.0,5915.5,5916.0,5916.5,1,3,5,3,9,1,2,1,3,4
20191128,15:18:22.0,2019-11-28 15:18:22,CA3M,LME,5913.5,0,1458,0.0,5935.5,5935.5,5911.0,0.0,0.0,1.7976931348623157e+308,1.7976931348623157e+308,0.0,5913.5,5913.0,5912.5,5912.0,5911.5,5914.5,5915.0,5915.5,5916.0,5916.5,1,1,3,5,3,1,2,1,3,4
20191128,15:18:29.0,2019-11-28 15:18:29,CA3M,LME,5913.5,0,1458,0.0,5935.5,5935.5,5911.0,0.0,0.0,1.7976931348623157e+308,1.7976931348623157e+308,0.0,5913.5,5913.0,5912.5,5912.0,5911.5,5914.5,5915.0,5915.5,5916.0,5916.5,2,1,3,5,3,1,2,1,3,4
20191128,15:19:13.0,2019-11-28 15:19:13,CA3M,LME,5914.5,0,1459,0.0,5935.5,5935.5,5911.0,0.0,0.0,1.7976931348623157e+308,1.7976931348623157e+308,0.0,5914.0,5913.5,5913.0,5912.5,5912.0,5915.0,5916.0,5916.5,5917.0,5917.5,2,2,1,2,5,2,2,2,2,5
20191128,15:19:14.0,2019-11-28 15:19:14,CA3M,LME,5914.5,0,1460,0.0,5935.5,5935.5,5911.0,0.0,0.0,1.7976931348623157e+308,1.7976931348623157e+308,0.0,5914.0,5913.5,5913.0,5912.5,5912.0,5915.0,5916.0,5916.5,5917.0,5917.5,2,2,1,2,6,2,2,2,2,5
20191128,15:19:17.0,2019-11-28 15:19:17,CA3M,LME,5914.5,0,1460,0.0,5935.5,5935.5,5911.0,0.0,0.0,1.7976931348623157e+308,1.7976931348623157e+308,0.0,5914.0,5913.5,5913.0,5912.5,5912.0,5915.0,5916.0,5916.5,5917.0,5917.5,3,2,1,2,6,2,2,2,2,5
20191128,15:19:24.0,2019-11-28 15:19:24,CA3M,LME,5914.5,0,1460,0.0,5935.5,5935.5,5911.0,0.0,0.0,1.7976931348623157e+308,1.7976931348623157e+308,0.0,5914.0,5913.5,5913.0,5912.5,5912.0,5915.0,5916.0,5916.5,5917.0,5917.5,2,1,1,2,6,2,2,2,3,4
20191128,15:19:26.0,2019-11-28 15:19:26,CA3M,LME,5914.5,0,1460,0.0,5935.5,5935.5,5911.0,0.0,0.0,1.7976931348623157e+308,1.7976931348623157e+308,0.0,5914.0,5913.5,5913.0,5912.5,5912.0,5915.0,5916.0,5916.5,5917.0,5917.5,2,1,1,2,6,2,2,2,2,5
20191128,15:19:37.0,2019-11-28 15:19:37,CA3M,LME,5914.5,0,1460,0.0,5935.5,5935.5,5911.0,0.0,0.0,1.7976931348623157e+308,1.7976931348623157e+308,0.0,5914.0,5913.0,5912.5,5912.0,5911.5,5915.0,5916.0,5916.5,5917.0,5917.5,1,1,3,5,2,2,2,1,4,5
20191128,15:19:38.0,2019-11-28 15:19:38,CA3M,LME,5914.5,0,1460,0.0,5935.5,5935.5,5911.0,0.0,0.0,1.7976931348623157e+308,1.7976931348623157e+308,0.0,5914.0,5913.0,5912.5,5912.0,5911.5,5914.5,5915.0,5916.0,5916.5,5917.0,1,1,3,5,3,1,2,2,3,5
20191128,15:19:39.0,2019-11-28 15:19:39,CA3M,LME,5914.5,0,1460,0.0,5935.5,5935.5,5911.0,0.0,0.0,1.7976931348623157e+308,1.7976931348623157e+308,0.0,5914.0,5913.0,5912.5,5912.0,5911.5,5914.5,5915.0,5916.0,5916.5,5917.0,2,1,3,5,3,1,2,2,3,5
20191128,15:19:53.0,2019-11-28 15:19:53,CA3M,LME,5914.5,0,1460,0.0,5935.5,5935.5,5911.0,0.0,0.0,1.7976931348623157e+308,1.7976931348623157e+308,0.0,5914.0,5913.0,5912.5,5912.0,5911.5,5914.5,5915.0,5916.0,5916.5,5917.0,2,1,3,5,3,2,2,3,2,5
20191128,15:20:02.0,2019-11-28 15:20:02,CA3M,LME,5914.0,0,1462,0.0,5935.5,5935.5,5911.0,0.0,0.0,1.7976931348623157e+308,1.7976931348623157e+308,0.0,5913.0,5912.5,5912.0,5911.5,5911.0,5914.0,5914.5,5915.0,5915.5,5916.0,1,3,1,1,13,2,2,2,3,3
20191128,15:20:04.0,2019-11-28 15:20:04,CA3M,LME,5914.0,0,1462,0.0,5935.5,5935.5,5911.0,0.0,0.0,1.7976931348623157e+308,1.7976931348623157e+308,0.0,5913.0,5912.5,5912.0,5911.5,5911.0,5914.0,5914.5,5915.0,5915.5,5916.0,1,3,1,1,12,3,1,2,1,3
20191128,15:20:17.0,2019-11-28 15:20:17,CA3M,LME,5914.0,0,1463,0.0,5935.5,5935.5,5911.0,0.0,0.0,1.7976931348623157e+308,1.7976931348623157e+308,0.0,5913.0,5912.5,5912.0,5911.5,5911.0,5914.0,5915.0,5915.5,5916.0,5916.5,1,4,1,3,13,2,2,2,2,2
20191128,15:20:17.0,2019-11-28 15:20:17,CA3M,LME,5914.0,0,1464,0.0,5935.5,5935.5,5911.0,0.0,0.0,1.7976931348623157e+308,1.7976931348623157e+308,0.0,5913.0,5912.5,5912.0,5911.5,5911.0,5915.0,5915.5,5916.0,5916.5,5917.0,1,4,5,3,9,3,1,2,2,5
20191128,15:20:27.0,2019-11-28 15:20:27,CA3M,LME,5913.0,0,1465,0.0,5935.5,5935.5,5911.0,0.0,0.0,1.7976931348623157e+308,1.7976931348623157e+308,0.0,5912.5,5912.0,5911.5,5911.0,5910.5,5914.5,5915.0,5915.5,5916.0,5916.5,1,1,1,12,1,2,3,2,5,2
20191128,15:20:27.0,2019-11-28 15:20:27,CA3M,LME,5912.5,0,1466,0.0,5935.5,5935.5,5911.0,0.0,0.0,1.7976931348623157e+308,1.7976931348623157e+308,0.0,5912.0,5911.5,5911.0,5910.5,5910.0,5914.0,5914.5,5915.0,5915.5,5916.0,1,1,12,1,19,2,3,4,3,4
20191128,15:20:36.0,2019-11-28 15:20:36,CA3M,LME,5912.5,0,1466,0.0,5935.5,5935.5,5911.0,0.0,0.0,1.7976931348623157e+308,1.7976931348623157e+308,0.0,5912.0,5911.5,5911.0,5910.5,5910.0,5914.0,5914.5,5915.0,5915.5,5916.0,1,1,12,1,18,3,3,4,3,4
20191128,15:20:50.0,2019-11-28 15:20:50,CA3M,LME,5912.0,0,1467,0.0,5935.5,5935.5,5911.0,0.0,0.0,1.7976931348623157e+308,1.7976931348623157e+308,0.0,5911.0,5911.0,5910.5,5910.0,5909.5,5913.0,5913.5,5914.0,5914.5,5915.0,8,8,1,21,2,1,2,3,4,2
20191128,15:20:50.0,2019-11-28 15:20:50,CA3M,LME,5911.5,0,1468,0.0,5935.5,5935.5,5911.0,0.0,0.0,1.7976931348623157e+308,1.7976931348623157e+308,0.0,5911.5,5911.0,5910.5,5910.0,5909.5,5913.0,5913.5,5914.0,5914.5,5915.0,1,9,1,25,3,2,2,4,3,2
20191128,15:20:55.0,2019-11-28 15:20:55,CA3M,LME,5911.5,0,1468,0.0,5935.5,5935.5,5911.0,0.0,0.0,1.7976931348623157e+308,1.7976931348623157e+308,0.0,5911.5,5911.0,5910.5,5910.0,5909.5,5913.0,5913.5,5914.0,5914.5,5915.0,1,9,1,19,2,1,1,5,2,4
20191128,15:21:14.0,2019-11-28 15:21:14,CA3M,LME,5911.5,0,1468,0.0,5935.5,5935.5,5911.0,0.0,0.0,1.7976931348623157e+308,1.7976931348623157e+308,0.0,5911.5,5911.0,5910.5,5910.0,5909.5,5913.0,5913.5,5914.0,5914.5,5915.0,1,9,1,26,3,1,1,2,2,2
20191128,15:21:21.0,2019-11-28 15:21:21,CA3M,LME,5913.0,0,1469,0.0,5935.5,5935.5,5911.0,0.0,0.0,1.7976931348623157e+308,1.7976931348623157e+308,0.0,5911.5,5911.0,5910.5,5910.0,5909.5,5913.0,5913.5,5914.0,5914.5,5915.0,1,9,1,19,3,1,1,2,2,2
20191128,15:21:26.0,2019-11-28 15:21:26,CA3M,LME,5913.0,0,1470,0.0,5935.5,5935.5,5911.0,0.0,0.0,1.7976931348623157e+308,1.7976931348623157e+308,0.0,5911.5,5911.0,5910.5,5910.0,5909.5,5913.0,5913.5,5914.0,5914.5,5915.0,1,9,2,25,2,1,1,2,2,2
20191128,15:22:16.0,2019-11-28 15:22:16,CA3M,LME,5913.0,0,1470,0.0,5935.5,5935.5,5911.0,0.0,0.0,1.7976931348623157e+308,1.7976931348623157e+308,0.0,5911.5,5911.0,5910.5,5910.0,5909.5,5913.0,5913.5,5914.0,5914.5,5915.0,1,9,2,26,3,1,1,2,3,16
20191128,15:22:24.0,2019-11-28 15:22:24,CA3M,LME,5913.0,0,1470,0.0,5935.5,5935.5,5911.0,0.0,0.0,1.7976931348623157e+308,1.7976931348623157e+308,0.0,5911.5,5911.0,5910.5,5910.0,5909.5,5913.0,5913.5,5914.0,5914.5,5915.0,2,9,2,26,3,1,1,2,3,17
20191128,15:22:34.0,2019-11-28 15:22:34,CA3M,LME,5913.0,0,1470,0.0,5935.5,5935.5,5911.0,0.0,0.0,1.7976931348623157e+308,1.7976931348623157e+308,0.0,5911.5,5911.0,5910.5,5910.0,5909.5,5913.0,5913.5,5914.0,5914.5,5915.0,2,8,1,20,3,2,1,4,3,19
20191128,15:22:38.0,2019-11-28 15:22:38,CA3M,LME,5913.0,0,1470,0.0,5935.5,5935.5,5911.0,0.0,0.0,1.7976931348623157e+308,1.7976931348623157e+308,0.0,5911.5,5911.0,5910.5,5910.0,5909.5,5913.0,5913.5,5914.0,5914.5,5915.0,1,8,1,19,3,2,1,6,4,18
20191128,15:22:39.0,2019-11-28 15:22:39,CA3M,LME,5913.0,0,1470,0.0,5935.5,5935.5,5911.0,0.0,0.0,1.7976931348623157e+308,1.7976931348623157e+308,0.0,5911.5,5911.0,5910.5,5910.0,5909.5,5912.5,5913.0,5913.5,5914.0,5914.5,1,7,1,19,3,2,2,1,6,4
20191128,15:22:46.0,2019-11-28 15:22:46,CA3M,LME,5913.0,0,1470,0.0,5935.5,5935.5,5911.0,0.0,0.0,1.7976931348623157e+308,1.7976931348623157e+308,0.0,5911.0,5910.5,5910.0,5909.5,5909.0,5912.0,5913.0,5913.5,5914.0,5914.5,7,1,19,3,10,1,1,1,6,5
20191128,15:22:50.0,2019-11-28 15:22:50,CA3M,LME,5912.0,0,1471,0.0,5935.5,5935.5,5911.0,0.0,0.0,1.7976931348623157e+308,1.7976931348623157e+308,0.0,5911.5,5911.0,5910.5,5910.0,5909.5,5912.0,5913.0,5913.5,5914.0,5914.5,1,8,1,19,3,1,1,2,6,5
20191128,15:22:52.0,2019-11-28 15:22:52,CA3M,LME,5912.0,0,1471,0.0,5935.5,5935.5,5911.0,0.0,0.0,1.7976931348623157e+308,1.7976931348623157e+308,0.0,5911.5,5911.0,5910.5,5910.0,5909.5,5912.5,5913.0,5913.5,5914.0,5914.5,1,7,1,19,3,2,2,2,6,5
20191128,15:22:53.0,2019-11-28 15:22:53,CA3M,LME,5912.0,0,1471,0.0,5935.5,5935.5,5911.0,0.0,0.0,1.7976931348623157e+308,1.7976931348623157e+308,0.0,5911.0,5910.5,5910.0,5909.5,5909.0,5912.0,5912.5,5913.0,5913.5,5914.0,7,1,15,3,14,1,2,2,2,6
20191128,15:22:54.0,2019-11-28 15:22:54,CA3M,LME,5912.0,0,1471,0.0,5935.5,5935.5,5911.0,0.0,0.0,1.7976931348623157e+308,1.7976931348623157e+308,0.0,5911.0,5910.5,5910.0,5909.5,5909.0,5912.0,5912.5,5913.0,5913.5,5914.0,7,1,15,3,14,1,1,2,2,6
20191128,15:22:56.0,2019-11-28 15:22:56,CA3M,LME,5911.0,0,1477,0.0,5935.5,5935.5,5911.0,0.0,0.0,1.7976931348623157e+308,1.7976931348623157e+308,0.0,5910.0,5909.5,5909.0,5908.5,5908.0,5911.0,5911.5,5912.0,5912.5,5913.0,14,1,11,3,46,1,1,2,2,3
20191128,15:23:04.0,2019-11-28 15:23:04,CA3M,LME,5911.0,0,1477,0.0,5935.5,5935.5,5911.0,0.0,0.0,1.7976931348623157e+308,1.7976931348623157e+308,0.0,5910.0,5909.5,5909.0,5908.5,5908.0,5911.0,5911.5,5912.0,5912.5,5913.0,14,2,9,3,48,1,2,3,2,4
20191128,15:23:07.0,2019-11-28 15:23:07,CA3M,LME,5911.0,0,1477,0.0,5935.5,5935.5,5911.0,0.0,0.0,1.7976931348623157e+308,1.7976931348623157e+308,0.0,5910.0,5909.5,5909.0,5908.0,5907.5,5911.0,5911.5,5912.0,5912.5,5913.0,14,1,4,46,2,2,2,3,3,5
20191128,15:23:08.0,2019-11-28 15:23:08,CA3M,LME,5911.0,0,1477,0.0,5935.5,5935.5,5911.0,0.0,0.0,1.7976931348623157e+308,1.7976931348623157e+308,0.0,5910.0,5909.5,5909.0,5908.0,5907.5,5910.5,5911.5,5912.0,5912.5,5913.0,14,1,4,42,2,1,2,3,3,5
20191128,15:23:09.0,2019-11-28 15:23:09,CA3M,LME,5911.0,0,1477,0.0,5935.5,5935.5,5911.0,0.0,0.0,1.7976931348623157e+308,1.7976931348623157e+308,0.0,5910.0,5909.5,5909.0,5908.0,5907.5,5911.0,5911.5,5912.0,5912.5,5913.0,14,1,4,46,2,1,2,3,3,5
20191128,15:23:09.0,2019-11-28 15:23:09,CA3M,LME,5910.0,0,1478,0.0,5935.5,5935.5,5910.0,0.0,0.0,1.7976931348623157e+308,1.7976931348623157e+308,0.0,5910.0,5909.5,5909.0,5908.0,5907.5,5911.0,5911.5,5912.0,5912.5,5913.0,13,1,4,42,2,3,2,3,3,5
20191128,15:23:17.0,2019-11-28 15:23:17,CA3M,LME,5910.0,0,1483,0.0,5935.5,5935.5,5910.0,0.0,0.0,1.7976931348623157e+308,1.7976931348623157e+308,0.0,5910.0,5909.5,5909.0,5908.0,5907.5,5911.0,5911.5,5912.0,5912.5,5913.0,13,2,4,46,2,1,2,3,3,6
20191128,15:23:19.0,2019-11-28 15:23:19,CA3M,LME,5910.0,0,1485,0.0,5935.5,5935.5,5910.0,0.0,0.0,1.7976931348623157e+308,1.7976931348623157e+308,0.0,5910.0,5909.5,5909.0,5908.0,5907.5,5910.5,5911.0,5911.5,5912.0,5912.5,6,1,4,42,2,2,2,2,3,3
20191128,15:23:20.0,2019-11-28 15:23:20,CA3M,LME,5910.0,0,1485,0.0,5935.5,5935.5,5910.0,0.0,0.0,1.7976931348623157e+308,1.7976931348623157e+308,0.0,5910.0,5909.5,5909.0,5908.0,5907.5,5910.5,5911.0,5911.5,5912.0,5912.5,6,1,4,42,2,1,2,2,3,3
20191128,15:23:20.0,2019-11-28 15:23:20,CA3M,LME,5910.5,0,1486,0.0,5935.5,5935.5,5910.0,0.0,0.0,1.7976931348623157e+308,1.7976931348623157e+308,0.0,5910.0,5909.5,5909.0,5908.0,5907.5,5911.0,5911.5,5912.0,5912.5,5913.0,6,2,5,42,3,1,2,3,3,6
20191128,15:23:27.0,2019-11-28 15:23:27,CA3M,LME,5910.5,0,1486,0.0,5935.5,5935.5,5910.0,0.0,0.0,1.7976931348623157e+308,1.7976931348623157e+308,0.0,5910.0,5909.5,5909.0,5908.0,5907.5,5911.0,5911.5,5912.0,5912.5,5913.0,6,1,4,42,3,2,2,3,3,6
20191128,15:23:48.0,2019-11-28 15:23:48,CA3M,LME,5911.0,0,1487,0.0,5935.5,5935.5,5910.0,0.0,0.0,1.7976931348623157e+308,1.7976931348623157e+308,0.0,5910.0,5909.5,5909.0,5908.0,5907.5,5911.0,5911.5,5912.0,5912.5,5913.0,6,2,4,46,3,1,2,2,3,6
20191128,15:23:48.0,2019-11-28 15:23:48,CA3M,LME,5911.5,0,1490,0.0,5935.5,5935.5,5910.0,0.0,0.0,1.7976931348623157e+308,1.7976931348623157e+308,0.0,5910.5,5910.0,5909.5,5909.0,5908.5,5911.5,5912.0,5912.5,5913.0,5913.5,1,6,2,4,1,1,4,3,6,4
20191128,15:23:49.0,2019-11-28 15:23:49,CA3M,LME,5911.5,0,1490,0.0,5935.5,5935.5,5910.0,0.0,0.0,1.7976931348623157e+308,1.7976931348623157e+308,0.0,5910.5,5910.0,5909.5,5909.0,5908.5,5912.0,5912.5,5913.0,5913.5,5914.0,1,6,2,4,1,4,3,6,4,4
20191128,15:23:55.0,2019-11-28 15:23:55,CA3M,LME,5911.5,0,1490,0.0,5935.5,5935.5,5910.0,0.0,0.0,1.7976931348623157e+308,1.7976931348623157e+308,0.0,5910.0,5909.5,5909.0,5908.5,5908.0,5911.0,5911.5,5912.0,5912.5,5913.0,6,2,5,1,46,1,2,4,2,6
20191128,15:23:55.0,2019-11-28 15:23:55,CA3M,LME,5912.0,0,1491,0.0,5935.5,5935.5,5910.0,0.0,0.0,1.7976931348623157e+308,1.7976931348623157e+308,0.0,5910.5,5910.0,5909.5,5909.0,5908.5,5911.5,5912.0,5912.5,5913.0,5913.5,1,6,2,5,1,3,3,2,6,4
20191128,15:24:00.0,2019-11-28 15:24:00,CA3M,LME,5911.0,0,1492,0.0,5935.5,5935.5,5910.0,0.0,0.0,1.7976931348623157e+308,1.7976931348623157e+308,0.0,5910.5,5910.0,5909.5,5909.0,5908.5,5911.0,5911.5,5912.0,5912.5,5913.0,1,6,2,5,1,1,2,2,2,8
20191128,15:24:01.0,2019-11-28 15:24:01,CA3M,LME,5911.0,0,1492,0.0,5935.5,5935.5,5910.0,0.0,0.0,1.7976931348623157e+308,1.7976931348623157e+308,0.0,5910.5,5910.0,5909.5,5909.0,5908.5,5911.5,5912.0,5912.5,5913.0,5913.5,1,6,2,5,1,3,3,2,8,4
20191128,15:24:11.0,2019-11-28 15:24:11,CA3M,LME,5911.0,0,1492,0.0,5935.5,5935.5,5910.0,0.0,0.0,1.7976931348623157e+308,1.7976931348623157e+308,0.0,5910.5,5910.0,5909.5,5909.0,5908.5,5911.5,5911.5,5912.0,5912.5,5913.0,1,6,2,5,1,2,2,2,3,6
20191128,15:24:15.0,2019-11-28 15:24:15,CA3M,LME,5911.0,0,1492,0.0,5935.5,5935.5,5910.0,0.0,0.0,1.7976931348623157e+308,1.7976931348623157e+308,0.0,5910.0,5909.5,5909.0,5908.5,5908.0,5911.0,5911.5,5912.0,5912.5,5913.0,6,2,5,1,46,1,2,3,3,6
20191128,15:24:18.0,2019-11-28 15:24:18,CA3M,LME,5911.0,0,1492,0.0,5935.5,5935.5,5910.0,0.0,0.0,1.7976931348623157e+308,1.7976931348623157e+308,0.0,5910.5,5909.5,5909.0,5908.5,5908.0,5911.0,5911.5,5912.0,5912.5,5913.0,1,2,5,1,46,1,2,2,3,6
20191128,15:24:20.0,2019-11-28 15:24:20,CA3M,LME,5911.0,0,1492,0.0,5935.5,5935.5,5910.0,0.0,0.0,1.7976931348623157e+308,1.7976931348623157e+308,0.0,5910.0,5910.0,5909.5,5909.0,5908.5,5911.0,5911.5,5912.0,5912.5,5913.0,6,6,2,5,1,1,2,2,3,6
20191128,15:24:21.0,2019-11-28 15:24:21,CA3M,LME,5911.0,0,1492,0.0,5935.5,5935.5,5910.0,0.0,0.0,1.7976931348623157e+308,1.7976931348623157e+308,0.0,5910.0,5909.5,5909.0,5908.5,5908.0,5911.5,5912.0,5912.5,5913.0,5913.5,6,2,5,1,46,2,3,3,6,4
20191128,15:24:26.0,2019-11-28 15:24:26,CA3M,LME,5911.0,0,1492,0.0,5935.5,5935.5,5910.0,0.0,0.0,1.7976931348623157e+308,1.7976931348623157e+308,0.0,5910.5,5910.0,5909.5,5909.0,5908.5,5911.5,5912.0,5912.5,5913.0,5913.5,1,6,2,5,1,1,3,3,6,4
20191128,15:24:28.0,2019-11-28 15:24:28,CA3M,LME,5911.0,0,1492,0.0,5935.5,5935.5,5910.0,0.0,0.0,1.7976931348623157e+308,1.7976931348623157e+308,0.0,5910.5,5910.0,5909.5,5909.0,5908.5,5911.5,5912.0,5912.5,5913.0,5913.5,1,6,2,5,1,2,3,3,6,4
20191128,15:24:29.0,2019-11-28 15:24:29,CA3M,LME,5911.0,0,1492,0.0,5935.5,5935.5,5910.0,0.0,0.0,1.7976931348623157e+308,1.7976931348623157e+308,0.0,5910.0,5909.5,5909.0,5908.5,5908.0,5911.5,5912.0,5912.5,5913.0,5913.5,6,2,5,1,46,4,3,3,6,4
20191128,15:24:35.0,2019-11-28 15:24:35,CA3M,LME,5911.0,0,1492,0.0,5935.5,5935.5,5910.0,0.0,0.0,1.7976931348623157e+308,1.7976931348623157e+308,0.0,5910.0,5909.5,5909.0,5908.5,5908.0,5911.5,5912.0,5912.5,5913.0,5913.5,6,2,5,1,46,1,3,3,6,4
20191128,15:24:37.0,2019-11-28 15:24:37,CA3M,LME,5911.0,0,1492,0.0,5935.5,5935.5,5910.0,0.0,0.0,1.7976931348623157e+308,1.7976931348623157e+308,0.0,5910.5,5910.0,5909.5,5909.0,5908.5,5911.5,5912.0,5912.5,5913.0,5913.5,1,6,2,5,1,1,2,3,6,4
20191128,15:24:38.0,2019-11-28 15:24:38,CA3M,LME,5911.0,0,1492,0.0,5935.5,5935.5,5910.0,0.0,0.0,1.7976931348623157e+308,1.7976931348623157e+308,0.0,5910.5,5910.0,5909.5,5909.0,5908.5,5912.0,5912.5,5913.0,5913.5,5914.0,2,6,2,5,4,1,3,4,4,6
20191128,15:24:39.0,2019-11-28 15:24:39,CA3M,LME,5911.0,0,1492,0.0,5935.5,5935.5,5910.0,0.0,0.0,1.7976931348623157e+308,1.7976931348623157e+308,0.0,5910.5,5910.0,5909.5,5909.0,5908.5,5912.0,5912.5,5913.0,5913.5,5914.0,1,6,2,5,4,1,2,3,4,6
20191128,15:24:40.0,2019-11-28 15:24:40,CA3M,LME,5911.0,0,1492,0.0,5935.5,5935.5,5910.0,0.0,0.0,1.7976931348623157e+308,1.7976931348623157e+308,0.0,5910.5,5910.0,5909.5,5909.0,5908.5,5912.0,5912.5,5913.0,5913.5,5914.0,1,6,2,5,2,2,2,3,4,6
20191128,15:24:41.0,2019-11-28 15:24:41,CA3M,LME,5911.0,0,1492,0.0,5935.5,5935.5,5910.0,0.0,0.0,1.7976931348623157e+308,1.7976931348623157e+308,0.0,5910.5,5910.0,5909.5,5909.0,5908.5,5911.5,5912.0,5912.5,5913.0,5913.5,1,6,2,5,1,3,5,4,4,4
20191128,15:24:42.0,2019-11-28 15:24:42,CA3M,LME,5911.0,0,1492,0.0,5935.5,5935.5,5910.0,0.0,0.0,1.7976931348623157e+308,1.7976931348623157e+308,0.0,5910.0,5909.5,5909.0,5908.5,5908.0,5911.5,5911.5,5912.0,5912.5,5913.0,6,2,5,1,46,2,2,4,4,4
20191128,15:24:43.0,2019-11-28 15:24:43,CA3M,LME,5911.0,0,1492,0.0,5935.5,5935.5,5910.0,0.0,0.0,1.7976931348623157e+308,1.7976931348623157e+308,0.0,5910.5,5910.0,5909.5,5909.0,5908.5,5911.5,5912.0,5912.5,5913.0,5913.5,1,6,2,5,1,2,5,4,4,4
20191128,15:24:47.0,2019-11-28 15:24:47,CA3M,LME,5911.0,0,1492,0.0,5935.5,5935.5,5910.0,0.0,0.0,1.7976931348623157e+308,1.7976931348623157e+308,0.0,5910.5,5910.0,5909.5,5909.0,5908.5,5911.5,5912.0,5912.5,5913.0,5913.5,1,6,2,5,1,1,5,4,4,4
20191128,15:24:47.0,2019-11-28 15:24:47,CA3M,LME,5910.0,0,1494,0.0,5935.5,5935.5,5910.0,0.0,0.0,1.7976931348623157e+308,1.7976931348623157e+308,0.0,5910.0,5909.5,5909.0,5908.5,5908.0,5911.0,5911.5,5912.0,5912.5,5913.0,5,2,5,1,46,1,2,5,4,4
20191128,15:24:58.0,2019-11-28 15:24:58,CA3M,LME,5910.0,0,1494,0.0,5935.5,5935.5,5910.0,0.0,0.0,1.7976931348623157e+308,1.7976931348623157e+308,0.0,5910.0,5909.5,5909.0,5908.5,5908.0,5910.5,5911.5,5912.0,5912.5,5913.0,5,2,4,1,46,2,2,4,4,4
20191128,15:25:20.0,2019-11-28 15:25:20,CA3M,LME,5910.5,0,1496,0.0,5935.5,5935.5,5910.0,0.0,0.0,1.7976931348623157e+308,1.7976931348623157e+308,0.0,5910.0,5909.5,5909.0,5908.5,5908.0,5910.5,5911.0,5911.5,5912.0,5912.5,5,2,4,1,42,2,1,2,4,4
20191128,15:25:24.0,2019-11-28 15:25:24,CA3M,LME,5910.5,0,1496,0.0,5935.5,5935.5,5910.0,0.0,0.0,1.7976931348623157e+308,1.7976931348623157e+308,0.0,5910.5,5910.0,5909.5,5909.0,5908.5,5911.5,5911.5,5912.0,5912.5,5913.0,1,5,2,5,1,2,2,4,4,4
20191128,15:25:25.0,2019-11-28 15:25:25,CA3M,LME,5910.5,0,1496,0.0,5935.5,5935.5,5910.0,0.0,0.0,1.7976931348623157e+308,1.7976931348623157e+308,0.0,5910.5,5910.0,5909.5,5909.0,5908.5,5912.0,5912.5,5913.0,5913.5,5914.0,1,5,2,5,2,1,3,2,3,6
20191128,15:25:29.0,2019-11-28 15:25:29,CA3M,LME,5910.5,0,1496,0.0,5935.5,5935.5,5910.0,0.0,0.0,1.7976931348623157e+308,1.7976931348623157e+308,0.0,5910.5,5910.0,5909.5,5909.0,5908.5,5912.0,5912.5,5913.0,5913.5,5914.0,1,5,2,5,1,3,3,3,3,6
20191128,15:25:34.0,2019-11-28 15:25:34,CA3M,LME,5910.0,0,1506,0.0,5935.5,5935.5,5910.0,0.0,0.0,1.7976931348623157e+308,1.7976931348623157e+308,0.0,5910.5,5909.5,5909.0,5908.5,5908.0,5912.0,5912.5,5913.0,5913.5,5914.0,1,2,5,1,46,3,3,3,3,7
20191128,15:25:35.0,2019-11-28 15:25:35,CA3M,LME,5910.0,0,1506,0.0,5935.5,5935.5,5910.0,0.0,0.0,1.7976931348623157e+308,1.7976931348623157e+308,0.0,5910.0,5909.5,5909.0,5908.5,5908.0,5911.0,5911.5,5912.0,5912.5,5913.0,6,2,4,1,46,1,3,6,4,4
20191128,15:25:49.0,2019-11-28 15:25:49,CA3M,LME,5910.0,0,1506,0.0,5935.5,5935.5,5910.0,0.0,0.0,1.7976931348623157e+308,1.7976931348623157e+308,0.0,5910.0,5909.5,5909.0,5908.5,5908.0,5911.0,5911.5,5912.0,5912.5,5913.0,6,2,4,1,46,4,3,4,4,4
20191128,15:26:00.0,2019-11-28 15:26:00,CA3M,LME,5910.0,0,1506,0.0,5935.5,5935.5,5910.0,0.0,0.0,1.7976931348623157e+308,1.7976931348623157e+308,0.0,5910.0,5909.5,5909.0,5908.5,5908.0,5911.0,5911.5,5912.0,5912.5,5913.0,6,3,4,1,46,3,3,4,4,4
20191128,15:26:00.0,2019-11-28 15:26:00,CA3M,LME,5910.0,0,1507,0.0,5935.5,5935.5,5910.0,0.0,0.0,1.7976931348623157e+308,1.7976931348623157e+308,0.0,5910.0,5909.5,5909.0,5908.5,5908.0,5911.0,5911.5,5912.0,5912.5,5913.0,5,3,4,1,42,3,2,4,4,4
20191128,15:26:21.0,2019-11-28 15:26:21,CA3M,LME,5910.0,0,1507,0.0,5935.5,5935.5,5910.0,0.0,0.0,1.7976931348623157e+308,1.7976931348623157e+308,0.0,5910.5,5910.0,5909.5,5909.0,5908.5,5911.0,5911.5,5912.0,5912.5,5913.0,1,5,3,5,1,2,2,2,3,3
20191128,15:26:23.0,2019-11-28 15:26:23,CA3M,LME,5910.0,0,1507,0.0,5935.5,5935.5,5910.0,0.0,0.0,1.7976931348623157e+308,1.7976931348623157e+308,0.0,5910.5,5910.0,5909.5,5909.0,5908.5,5911.5,5912.0,5912.5,5913.0,5913.5,1,5,3,5,3,3,2,4,2,3
20191128,15:26:48.0,2019-11-28 15:26:48,CA3M,LME,5910.5,0,1508,0.0,5935.5,5935.5,5910.0,0.0,0.0,1.7976931348623157e+308,1.7976931348623157e+308,0.0,5910.0,5909.5,5909.0,5908.5,5908.0,5911.0,5911.5,5912.0,5912.5,5913.0,5,2,4,1,46,1,3,4,4,6
20191128,15:26:49.0,2019-11-28 15:26:49,CA3M,LME,5910.5,0,1508,0.0,5935.5,5935.5,5910.0,0.0,0.0,1.7976931348623157e+308,1.7976931348623157e+308,0.0,5910.0,5909.5,5909.0,5908.5,5908.0,5911.0,5911.5,5912.0,5912.5,5913.0,5,2,4,1,46,3,1,4,4,5
20191128,15:26:59.0,2019-11-28 15:26:59,CA3M,LME,5910.5,0,1508,0.0,5935.5,5935.5,5910.0,0.0,0.0,1.7976931348623157e+308,1.7976931348623157e+308,0.0,5910.0,5909.5,5909.0,5908.5,5908.0,5911.0,5911.5,5912.0,5912.5,5913.0,5,3,5,1,46,4,1,4,4,5
20191128,15:27:08.0,2019-11-28 15:27:08,CA3M,LME,5910.5,0,1508,0.0,5935.5,5935.5,5910.0,0.0,0.0,1.7976931348623157e+308,1.7976931348623157e+308,0.0,5910.5,5910.0,5909.5,5909.0,5908.5,5911.0,5911.5,5912.0,5912.5,5913.0,1,5,3,4,1,4,1,4,4,5
20191128,15:27:08.0,2019-11-28 15:27:08,CA3M,LME,5910.0,0,1510,0.0,5935.5,5935.5,5910.0,0.0,0.0,1.7976931348623157e+308,1.7976931348623157e+308,0.0,5910.0,5909.5,5909.0,5908.5,5908.0,5911.0,5911.5,5912.0,5912.5,5913.0,4,3,4,1,46,4,1,3,4,6
20191128,15:27:50.0,2019-11-28 15:27:50,CA3M,LME,5912.0,0,1516,0.0,5935.5,5935.5,5910.0,0.0,0.0,1.7976931348623157e+308,1.7976931348623157e+308,0.0,5910.5,5910.0,5909.5,5909.0,5908.5,5912.5,5912.5,5913.0,5913.5,5914.0,2,4,3,5,3,4,4,3,3,7
20191128,15:27:50.0,2019-11-28 15:27:50,CA3M,LME,5913.0,0,1521,0.0,5935.5,5935.5,5910.0,0.0,0.0,1.7976931348623157e+308,1.7976931348623157e+308,0.0,5911.5,5911.0,5910.5,5910.0,5909.5,5913.0,5913.5,5914.0,5914.5,5915.0,1,2,2,5,3,2,3,6,6,17
20191128,15:27:50.0,2019-11-28 15:27:50,CA3M,LME,5913.0,0,1524,0.0,5935.5,5935.5,5910.0,0.0,0.0,1.7976931348623157e+308,1.7976931348623157e+308,0.0,5911.5,5911.0,5910.5,5910.0,5909.5,5913.5,5914.0,5914.5,5915.0,5915.5,1,3,2,9,2,1,6,5,18,4
20191128,15:27:53.0,2019-11-28 15:27:53,CA3M,LME,5913.0,0,1524,0.0,5935.5,5935.5,5910.0,0.0,0.0,1.7976931348623157e+308,1.7976931348623157e+308,0.0,5911.5,5911.0,5910.5,5910.0,5909.5,5913.5,5914.0,5914.5,5915.0,5915.5,2,3,2,9,2,1,7,4,18,4
20191128,15:27:54.0,2019-11-28 15:27:54,CA3M,LME,5913.0,0,1524,0.0,5935.5,5935.5,5910.0,0.0,0.0,1.7976931348623157e+308,1.7976931348623157e+308,0.0,5911.5,5911.0,5910.5,5910.0,5909.5,5913.5,5914.0,5914.5,5915.0,5915.5,1,3,2,9,2,2,7,4,18,4
20191128,15:27:55.0,2019-11-28 15:27:55,CA3M,LME,5913.0,0,1525,0.0,5935.5,5935.5,5910.0,0.0,0.0,1.7976931348623157e+308,1.7976931348623157e+308,0.0,5911.5,5911.0,5910.5,5910.0,5909.5,5913.5,5913.5,5914.0,5914.5,5915.0,1,3,2,9,2,2,2,7,4,18
20191128,15:27:56.0,2019-11-28 15:27:56,CA3M,LME,5913.0,0,1525,0.0,5935.5,5935.5,5910.0,0.0,0.0,1.7976931348623157e+308,1.7976931348623157e+308,0.0,5911.5,5911.0,5910.5,5910.0,5909.5,5913.5,5914.0,5914.5,5915.0,5915.5,1,3,2,9,2,3,7,4,18,4
20191128,15:27:59.0,2019-11-28 15:27:59,CA3M,LME,5913.0,0,1527,0.0,5935.5,5935.5,5910.0,0.0,0.0,1.7976931348623157e+308,1.7976931348623157e+308,0.0,5911.5,5911.0,5910.5,5910.0,5909.5,5913.0,5913.5,5914.0,5914.5,5915.0,1,2,2,5,2,1,3,7,4,18
20191128,15:28:00.0,2019-11-28 15:28:00,CA3M,LME,5913.0,0,1527,0.0,5935.5,5935.5,5910.0,0.0,0.0,1.7976931348623157e+308,1.7976931348623157e+308,0.0,5911.5,5911.0,5910.5,5910.0,5909.5,5913.5,5914.0,5914.5,5915.0,5915.5,2,3,2,9,2,1,7,4,18,4
20191128,15:28:02.0,2019-11-28 15:28:02,CA3M,LME,5913.0,0,1527,0.0,5935.5,5935.5,5910.0,0.0,0.0,1.7976931348623157e+308,1.7976931348623157e+308,0.0,5911.5,5911.0,5910.5,5910.0,5909.5,5914.0,5914.0,5914.5,5915.0,5915.5,2,3,2,9,2,8,7,4,18,4
20191128,15:28:03.0,2019-11-28 15:28:03,CA3M,LME,5913.0,0,1527,0.0,5935.5,5935.5,5910.0,0.0,0.0,1.7976931348623157e+308,1.7976931348623157e+308,0.0,5911.5,5911.0,5910.5,5910.0,5909.5,5913.5,5914.0,5914.5,5915.0,5915.5,1,3,2,9,2,1,8,4,18,4
20191128,15:28:04.0,2019-11-28 15:28:04,CA3M,LME,5913.0,0,1527,0.0,5935.5,5935.5,5910.0,0.0,0.0,1.7976931348623157e+308,1.7976931348623157e+308,0.0,5911.5,5911.0,5910.5,5910.0,5909.5,5913.5,5914.0,5914.5,5915.0,5915.5,2,3,2,9,2,1,8,4,18,4
20191128,15:28:07.0,2019-11-28 15:28:07,CA3M,LME,5913.5,0,1528,0.0,5935.5,5935.5,5910.0,0.0,0.0,1.7976931348623157e+308,1.7976931348623157e+308,0.0,5911.5,5911.0,5910.5,5910.0,5909.5,5913.5,5914.0,5914.5,5915.0,5915.5,1,3,2,9,2,1,8,4,18,4
20191128,15:28:08.0,2019-11-28 15:28:08,CA3M,LME,5913.5,0,1528,0.0,5935.5,5935.5,5910.0,0.0,0.0,1.7976931348623157e+308,1.7976931348623157e+308,0.0,5911.5,5911.0,5910.5,5910.0,5909.5,5914.0,5914.5,5915.0,5915.5,5916.0,1,3,2,9,2,8,4,18,4,16
20191128,15:28:15.0,2019-11-28 15:28:15,CA3M,LME,5914.0,0,1531,0.0,5935.5,5935.5,5910.0,0.0,0.0,1.7976931348623157e+308,1.7976931348623157e+308,0.0,5911.5,5911.0,5910.5,5910.0,5909.5,5914.0,5914.5,5915.0,5915.5,5916.0,2,3,2,9,2,6,4,18,4,16
20191128,15:28:15.0,2019-11-28 15:28:15,CA3M,LME,5914.0,0,1532,0.0,5935.5,5935.5,5910.0,0.0,0.0,1.7976931348623157e+308,1.7976931348623157e+308,0.0,5911.5,5911.0,5910.5,5910.0,5909.5,5914.0,5914.5,5915.0,5915.5,5916.0,3,3,2,9,2,4,5,18,4,16
20191128,15:28:19.0,2019-11-28 15:28:19,CA3M,LME,5914.0,0,1532,0.0,5935.5,5935.5,5910.0,0.0,0.0,1.7976931348623157e+308,1.7976931348623157e+308,0.0,5911.5,5911.0,5910.5,5910.0,5909.5,5914.0,5914.5,5915.0,5915.5,5916.0,3,3,2,9,2,7,4,18,4,16
20191128,15:28:22.0,2019-11-28 15:28:22,CA3M,LME,5914.0,0,1532,0.0,5935.5,5935.5,5910.0,0.0,0.0,1.7976931348623157e+308,1.7976931348623157e+308,0.0,5911.5,5911.0,5910.5,5910.0,5909.5,5913.5,5914.0,5914.5,5915.0,5915.5,2,3,2,9,2,1,8,4,17,4
20191128,15:28:24.0,2019-11-28 15:28:24,CA3M,LME,5914.0,0,1532,0.0,5935.5,5935.5,5910.0,0.0,0.0,1.7976931348623157e+308,1.7976931348623157e+308,0.0,5911.5,5911.0,5910.5,5910.0,5909.5,5913.5,5914.0,5914.5,5915.0,5915.5,1,2,2,9,2,2,7,4,18,4
20191128,15:28:25.0,2019-11-28 15:28:25,CA3M,LME,5914.0,0,1532,0.0,5935.5,5935.5,5910.0,0.0,0.0,1.7976931348623157e+308,1.7976931348623157e+308,0.0,5911.5,5911.0,5910.5,5910.0,5909.5,5913.5,5914.0,5914.5,5915.0,5915.5,1,2,2,5,2,3,7,4,18,4
20191128,15:28:26.0,2019-11-28 15:28:26,CA3M,LME,5914.0,0,1532,0.0,5935.5,5935.5,5910.0,0.0,0.0,1.7976931348623157e+308,1.7976931348623157e+308,0.0,5911.5,5911.0,5910.5,5910.0,5909.5,5913.5,5914.0,5914.5,5915.0,5915.5,2,2,2,5,2,3,7,4,18,4
20191128,15:28:36.0,2019-11-28 15:28:36,CA3M,LME,5914.0,0,1532,0.0,5935.5,5935.5,5910.0,0.0,0.0,1.7976931348623157e+308,1.7976931348623157e+308,0.0,5911.5,5911.0,5910.5,5910.0,5909.5,5913.5,5914.0,5914.5,5915.0,5915.5,1,2,2,5,2,4,6,4,18,4
20191128,15:28:42.0,2019-11-28 15:28:42,CA3M,LME,5914.0,0,1532,0.0,5935.5,5935.5,5910.0,0.0,0.0,1.7976931348623157e+308,1.7976931348623157e+308,0.0,5911.5,5911.0,5910.5,5910.0,5909.5,5913.0,5913.5,5914.0,5914.5,5915.0,2,2,2,5,2,2,4,6,4,18
20191128,15:28:46.0,2019-11-28 15:28:46,CA3M,LME,5914.0,0,1532,0.0,5935.5,5935.5,5910.0,0.0,0.0,1.7976931348623157e+308,1.7976931348623157e+308,0.0,5911.5,5911.0,5910.5,5910.0,5909.5,5913.5,5914.0,5914.5,5915.0,5915.5,2,3,2,5,2,3,5,4,18,4
20191128,15:28:47.0,2019-11-28 15:28:47,CA3M,LME,5914.0,0,1532,0.0,5935.5,5935.5,5910.0,0.0,0.0,1.7976931348623157e+308,1.7976931348623157e+308,0.0,5911.5,5911.0,5910.5,5910.0,5909.5,5913.5,5914.0,5914.5,5915.0,5915.5,2,3,2,9,2,2,6,4,18,4
20191128,15:28:59.0,2019-11-28 15:28:59,CA3M,LME,5914.0,0,1532,0.0,5935.5,5935.5,5910.0,0.0,0.0,1.7976931348623157e+308,1.7976931348623157e+308,0.0,5911.5,5911.0,5910.5,5910.0,5909.5,5913.5,5914.0,5914.5,5915.0,5915.5,1,2,2,9,2,3,7,4,18,4
20191128,15:29:06.0,2019-11-28 15:29:06,CA3M,LME,5914.0,0,1532,0.0,5935.5,5935.5,5910.0,0.0,0.0,1.7976931348623157e+308,1.7976931348623157e+308,0.0,5911.5,5911.0,5910.5,5910.0,5909.5,5912.5,5913.0,5913.5,5914.0,5914.5,1,1,2,5,2,1,5,6,6,3
20191128,15:29:07.0,2019-11-28 15:29:07,CA3M,LME,5914.0,0,1532,0.0,5935.5,5935.5,5910.0,0.0,0.0,1.7976931348623157e+308,1.7976931348623157e+308,0.0,5911.5,5911.0,5910.5,5910.0,5909.5,5913.0,5913.5,5914.0,5914.5,5915.0,2,3,2,5,2,2,2,5,4,18
20191128,15:29:09.0,2019-11-28 15:29:09,CA3M,LME,5914.0,0,1532,0.0,5935.5,5935.5,5910.0,0.0,0.0,1.7976931348623157e+308,1.7976931348623157e+308,0.0,5911.5,5911.0,5910.5,5910.0,5909.5,5913.0,5913.5,5914.0,5914.5,5915.0,2,3,2,5,2,3,2,5,4,18
20191128,15:29:10.0,2019-11-28 15:29:10,CA3M,LME,5914.0,0,1532,0.0,5935.5,5935.5,5910.0,0.0,0.0,1.7976931348623157e+308,1.7976931348623157e+308,0.0,5911.5,5911.0,5910.5,5910.0,5909.5,5913.0,5913.5,5914.0,5914.5,5915.0,1,2,2,5,2,3,1,6,4,18
20191128,15:29:11.0,2019-11-28 15:29:11,CA3M,LME,5914.0,0,1532,0.0,5935.5,5935.5,5910.0,0.0,0.0,1.7976931348623157e+308,1.7976931348623157e+308,0.0,5911.5,5911.0,5910.5,5910.0,5909.5,5913.0,5913.5,5914.0,5914.5,5915.0,1,2,2,5,2,4,2,7,5,16
20191128,15:29:12.0,2019-11-28 15:29:12,CA3M,LME,5914.0,0,1532,0.0,5935.5,5935.5,5910.0,0.0,0.0,1.7976931348623157e+308,1.7976931348623157e+308,0.0,5911.5,5911.0,5910.5,5910.0,5909.5,5913.0,5913.5,5914.0,5914.5,5915.0,1,2,2,5,2,4,2,7,5,16
20191128,15:29:13.0,2019-11-28 15:29:13,CA3M,LME,5914.0,0,1532,0.0,5935.5,5935.5,5910.0,0.0,0.0,1.7976931348623157e+308,1.7976931348623157e+308,0.0,5911.5,5911.0,5910.5,5910.0,5909.5,5912.5,5913.5,5914.0,5914.5,5915.0,1,2,2,5,2,1,1,6,5,17
20191128,15:29:14.0,2019-11-28 15:29:14,CA3M,LME,5914.0,0,1532,0.0,5935.5,5935.5,5910.0,0.0,0.0,1.7976931348623157e+308,1.7976931348623157e+308,0.0,5911.5,5911.0,5910.5,5910.0,5909.5,5912.0,5912.5,5913.0,5913.5,5914.0,1,2,2,5,2,2,3,6,2,6
20191128,15:29:16.0,2019-11-28 15:29:16,CA3M,LME,5914.0,0,1532,0.0,5935.5,5935.5,5910.0,0.0,0.0,1.7976931348623157e+308,1.7976931348623157e+308,0.0,5911.5,5911.0,5910.5,5910.0,5909.5,5912.0,5912.5,5913.0,5913.5,5914.0,1,2,2,5,2,2,1,4,2,6
20191128,15:29:18.0,2019-11-28 15:29:18,CA3M,LME,5912.0,0,1534,0.0,5935.5,5935.5,5910.0,0.0,0.0,1.7976931348623157e+308,1.7976931348623157e+308,0.0,5911.5,5911.0,5910.5,5910.0,5909.5,5913.0,5913.5,5914.0,5914.5,5915.0,2,3,2,5,2,1,2,5,5,17
20191128,15:29:22.0,2019-11-28 15:29:22,CA3M,LME,5912.0,0,1534,0.0,5935.5,5935.5,5910.0,0.0,0.0,1.7976931348623157e+308,1.7976931348623157e+308,0.0,5911.5,5911.0,5910.5,5910.0,5909.5,5912.5,5913.0,5913.5,5914.0,5914.5,1,3,2,7,2,1,1,3,5,4
20191128,15:29:22.0,2019-11-28 15:29:22,CA3M,LME,5911.5,0,1535,0.0,5935.5,5935.5,5910.0,0.0,0.0,1.7976931348623157e+308,1.7976931348623157e+308,0.0,5911.5,5911.0,5910.5,5910.0,5909.5,5912.5,5913.0,5913.5,5914.0,5914.5,1,3,2,7,2,1,4,3,5,4
20191128,15:29:25.0,2019-11-28 15:29:25,CA3M,LME,5911.5,0,1535,0.0,5935.5,5935.5,5910.0,0.0,0.0,1.7976931348623157e+308,1.7976931348623157e+308,0.0,5912.0,5911.5,5911.0,5910.5,5910.0,5913.0,5913.5,5914.0,5914.5,5915.0,11,1,2,2,5,3,3,5,4,18
20191128,15:29:27.0,2019-11-28 15:29:27,CA3M,LME,5911.5,0,1535,0.0,5935.5,5935.5,5910.0,0.0,0.0,1.7976931348623157e+308,1.7976931348623157e+308,0.0,5912.0,5911.5,5911.0,5910.5,5910.0,5913.0,5913.5,5914.0,5914.5,5915.0,10,1,2,2,7,2,4,5,4,18
20191128,15:29:29.0,2019-11-28 15:29:29,CA3M,LME,5911.5,0,1535,0.0,5935.5,5935.5,5910.0,0.0,0.0,1.7976931348623157e+308,1.7976931348623157e+308,0.0,5912.0,5911.5,5911.0,5910.5,5910.0,5913.5,5913.5,5914.0,5914.5,5915.0,10,1,2,2,7,6,4,5,4,18
20191128,15:29:31.0,2019-11-28 15:29:31,CA3M,LME,5911.5,0,1535,0.0,5935.5,5935.5,5910.0,0.0,0.0,1.7976931348623157e+308,1.7976931348623157e+308,0.0,5912.0,5911.5,5911.0,5910.5,5910.0,5913.0,5913.5,5914.0,5914.5,5915.0,10,1,2,2,7,3,5,5,4,18
20191128,15:29:37.0,2019-11-28 15:29:37,CA3M,LME,5913.0,0,1545,0.0,5935.5,5935.5,5910.0,0.0,0.0,1.7976931348623157e+308,1.7976931348623157e+308,0.0,5911.5,5911.0,5910.5,5910.0,5909.5,5913.0,5913.5,5914.0,5914.5,5915.0,1,4,2,7,2,1,2,5,4,18
20191128,15:29:42.0,2019-11-28 15:29:42,CA3M,LME,5913.0,0,1555,0.0,5935.5,5935.5,5910.0,0.0,0.0,1.7976931348623157e+308,1.7976931348623157e+308,0.0,5913.0,5912.5,5912.0,5911.5,5911.0,5913.5,5914.0,5914.5,5915.0,5915.5,1,1,1,2,3,1,5,4,18,4
20191128,15:29:43.0,2019-11-28 15:29:43,CA3M,LME,5913.5,0,1556,0.0,5935.5,5935.5,5910.0,0.0,0.0,1.7976931348623157e+308,1.7976931348623157e+308,0.0,5913.5,5913.0,5912.5,5912.0,5911.5,5914.0,5914.5,5915.0,5915.5,5916.0,1,1,3,1,2,2,1,17,6,17
20191128,15:29:48.0,2019-11-28 15:29:48,CA3M,LME,5913.5,0,1557,0.0,5935.5,5935.5,5910.0,0.0,0.0,1.7976931348623157e+308,1.7976931348623157e+308,0.0,5912.5,5912.0,5911.5,5911.0,5910.5,5913.5,5914.0,5914.5,5915.0,5915.5,1,1,2,3,1,1,3,1,17,6
20191128,15:29:49.0,2019-11-28 15:29:49,CA3M,LME,5913.5,0,1557,0.0,5935.5,5935.5,5910.0,0.0,0.0,1.7976931348623157e+308,1.7976931348623157e+308,0.0,5912.5,5912.0,5911.5,5911.0,5910.5,5913.5,5914.0,5914.5,5915.0,5915.5,1,1,2,3,1,1,4,1,19,6
20191128,15:29:51.0,2019-11-28 15:29:51,CA3M,LME,5913.5,0,1558,0.0,5935.5,5935.5,5910.0,0.0,0.0,1.7976931348623157e+308,1.7976931348623157e+308,0.0,5912.5,5912.0,5911.5,5911.0,5910.5,5914.0,5914.5,5915.0,5915.5,5916.0,1,1,2,3,1,4,1,19,6,15
20191128,15:29:53.0,2019-11-28 15:29:53,CA3M,LME,5913.5,0,1558,0.0,5935.5,5935.5,5910.0,0.0,0.0,1.7976931348623157e+308,1.7976931348623157e+308,0.0,5912.5,5912.0,5911.5,5911.0,5910.5,5914.0,5914.5,5915.0,5915.5,5916.0,2,1,2,3,1,4,1,19,6,15
20191128,15:30:00.0,2019-11-28 15:30:00,CA3M,LME,5913.5,0,1558,0.0,5935.5,5935.5,5910.0,0.0,0.0,1.7976931348623157e+308,1.7976931348623157e+308,0.0,5912.5,5912.0,5911.5,5911.0,5910.5,5914.0,5914.5,5915.0,5915.5,5916.0,2,1,2,3,1,3,2,17,6,16
20191128,15:30:01.0,2019-11-28 15:30:01,CA3M,LME,5913.5,0,1558,0.0,5935.5,5935.5,5910.0,0.0,0.0,1.7976931348623157e+308,1.7976931348623157e+308,0.0,5912.5,5912.0,5911.5,5911.0,5910.5,5913.5,5914.0,5914.5,5915.0,5915.5,2,1,2,3,1,1,6,2,18,6
20191128,15:30:05.0,2019-11-28 15:30:05,CA3M,LME,5912.0,0,1561,0.0,5935.5,5935.5,5910.0,0.0,0.0,1.7976931348623157e+308,1.7976931348623157e+308,0.0,5912.5,5911.0,5910.5,5910.0,5909.5,5913.0,5913.5,5914.0,5914.5,5915.0,1,1,2,4,2,4,5,6,3,16
20191128,15:30:05.0,2019-11-28 15:30:05,CA3M,LME,5912.5,0,1563,0.0,5935.5,5935.5,5910.0,0.0,0.0,1.7976931348623157e+308,1.7976931348623157e+308,0.0,5911.5,5911.0,5910.5,5910.0,5909.5,5912.5,5913.0,5913.5,5914.0,5914.5,1,2,2,4,2,1,5,5,6,3
20191128,15:30:06.0,2019-11-28 15:30:06,CA3M,LME,5912.5,0,1563,0.0,5935.5,5935.5,5910.0,0.0,0.0,1.7976931348623157e+308,1.7976931348623157e+308,0.0,5911.5,5911.0,5910.5,5910.0,5909.5,5913.0,5913.5,5914.0,5914.5,5915.0,1,2,2,5,2,5,5,5,3,16
20191128,15:30:07.0,2019-11-28 15:30:07,CA3M,LME,5912.5,0,1563,0.0,5935.5,5935.5,5910.0,0.0,0.0,1.7976931348623157e+308,1.7976931348623157e+308,0.0,5911.5,5911.0,5910.5,5910.0,5909.5,5913.0,5913.5,5914.0,5914.5,5915.0,1,2,2,5,2,4,2,5,5,16
20191128,15:30:08.0,2019-11-28 15:30:08,CA3M,LME,5912.5,0,1563,0.0,5935.5,5935.5,5910.0,0.0,0.0,1.7976931348623157e+308,1.7976931348623157e+308,0.0,5911.5,5911.0,5910.5,5910.0,5909.5,5913.0,5913.5,5914.0,5914.5,5915.0,1,2,2,5,2,5,3,5,5,16
20191128,15:30:09.0,2019-11-28 15:30:09,CA3M,LME,5912.5,0,1563,0.0,5935.5,5935.5,5910.0,0.0,0.0,1.7976931348623157e+308,1.7976931348623157e+308,0.0,5911.5,5911.0,5910.5,5910.0,5909.5,5912.5,5913.0,5913.5,5914.0,5914.5,1,2,2,5,2,3,5,3,5,5
20191128,15:30:10.0,2019-11-28 15:30:10,CA3M,LME,5912.5,0,1564,0.0,5935.5,5935.5,5910.0,0.0,0.0,1.7976931348623157e+308,1.7976931348623157e+308,0.0,5911.5,5911.0,5910.5,5910.0,5909.5,5912.5,5913.0,5913.5,5914.0,5914.5,1,2,2,5,2,3,4,3,5,5
20191128,15:30:13.0,2019-11-28 15:30:13,CA3M,LME,5912.5,0,1565,0.0,5935.5,5935.5,5910.0,0.0,0.0,1.7976931348623157e+308,1.7976931348623157e+308,0.0,5911.5,5911.0,5910.5,5910.0,5909.5,5913.5,5914.0,5914.5,5915.0,5915.5,1,3,2,7,2,2,3,4,18,4
20191128,15:30:14.0,2019-11-28 15:30:14,CA3M,LME,5912.5,0,1565,0.0,5935.5,5935.5,5910.0,0.0,0.0,1.7976931348623157e+308,1.7976931348623157e+308,0.0,5911.5,5911.0,5910.5,5910.0,5909.5,5913.0,5913.5,5914.0,5914.5,5915.0,1,3,2,7,2,1,4,4,4,18
20191128,15:30:17.0,2019-11-28 15:30:17,CA3M,LME,5912.5,0,1565,0.0,5935.5,5935.5,5910.0,0.0,0.0,1.7976931348623157e+308,1.7976931348623157e+308,0.0,5911.5,5911.0,5910.5,5910.0,5909.5,5913.0,5913.5,5914.0,5914.5,5915.0,1,3,2,7,2,3,2,4,4,18
20191128,15:30:28.0,2019-11-28 15:30:28,CA3M,LME,5912.5,0,1565,0.0,5935.5,5935.5,5910.0,0.0,0.0,1.7976931348623157e+308,1.7976931348623157e+308,0.0,5911.5,5911.0,5910.5,5910.0,5909.5,5912.5,5913.0,5913.5,5914.0,5914.5,1,2,2,5,2,1,6,1,5,5
20191128,15:30:29.0,2019-11-28 15:30:29,CA3M,LME,5912.5,0,1565,0.0,5935.5,5935.5,5910.0,0.0,0.0,1.7976931348623157e+308,1.7976931348623157e+308,0.0,5911.5,5911.0,5910.5,5910.0,5909.5,5913.0,5913.5,5914.0,5914.5,5915.0,1,3,2,7,2,3,2,5,4,18
20191128,15:30:36.0,2019-11-28 15:30:36,CA3M,LME,5912.5,0,1565,0.0,5935.5,5935.5,5910.0,0.0,0.0,1.7976931348623157e+308,1.7976931348623157e+308,0.0,5911.5,5911.0,5910.5,5910.0,5909.5,5913.0,5913.5,5914.0,5914.5,5915.0,1,2,2,5,2,4,1,6,5,16
20191128,15:30:37.0,2019-11-28 15:30:37,CA3M,LME,5912.5,0,1565,0.0,5935.5,5935.5,5910.0,0.0,0.0,1.7976931348623157e+308,1.7976931348623157e+308,0.0,5911.5,5911.0,5910.5,5910.0,5909.5,5913.0,5913.5,5914.0,5914.5,5915.0,1,2,2,5,2,5,1,6,5,16
20191128,15:30:38.0,2019-11-28 15:30:38,CA3M,LME,5912.5,0,1565,0.0,5935.5,5935.5,5910.0,0.0,0.0,1.7976931348623157e+308,1.7976931348623157e+308,0.0,5911.5,5911.0,5910.5,5910.0,5909.5,5912.5,5913.0,5913.5,5914.0,5914.5,1,2,2,5,2,2,6,2,5,5
20191128,15:30:39.0,2019-11-28 15:30:39,CA3M,LME,5912.5,0,1565,0.0,5935.5,5935.5,5910.0,0.0,0.0,1.7976931348623157e+308,1.7976931348623157e+308,0.0,5911.5,5911.0,5910.5,5910.0,5909.5,5912.5,5913.0,5913.5,5914.0,5914.5,1,2,2,5,2,4,6,2,5,5
20191128,15:31:33.0,2019-11-28 15:31:33,CA3M,LME,5912.5,0,1565,0.0,5935.5,5935.5,5910.0,0.0,0.0,1.7976931348623157e+308,1.7976931348623157e+308,0.0,5911.5,5911.0,5910.5,5910.0,5909.5,5912.5,5913.0,5913.5,5914.0,5914.5,1,2,2,5,2,3,4,1,5,5
20191128,15:31:36.0,2019-11-28 15:31:36,CA3M,LME,5912.5,0,1565,0.0,5935.5,5935.5,5910.0,0.0,0.0,1.7976931348623157e+308,1.7976931348623157e+308,0.0,5911.5,5911.0,5910.5,5910.0,5909.5,5912.5,5913.0,5913.5,5914.0,5914.5,1,2,2,5,2,4,4,1,5,5
20191128,15:31:39.0,2019-11-28 15:31:39,CA3M,LME,5912.5,0,1565,0.0,5935.5,5935.5,5910.0,0.0,0.0,1.7976931348623157e+308,1.7976931348623157e+308,0.0,5911.5,5911.0,5910.5,5910.0,5909.5,5912.0,5913.0,5913.5,5914.0,5914.5,1,2,2,5,2,1,4,2,5,5
20191128,15:31:41.0,2019-11-28 15:31:41,CA3M,LME,5912.5,0,1565,0.0,5935.5,5935.5,5910.0,0.0,0.0,1.7976931348623157e+308,1.7976931348623157e+308,0.0,5911.5,5911.0,5910.5,5910.0,5909.5,5912.0,5912.5,5913.0,5913.5,5914.0,1,2,2,5,2,3,3,3,2,5
20191128,15:31:50.0,2019-11-28 15:31:50,CA3M,LME,5912.0,0,1568,0.0,5935.5,5935.5,5910.0,0.0,0.0,1.7976931348623157e+308,1.7976931348623157e+308,0.0,5911.5,5911.0,5910.5,5910.0,5909.5,5912.5,5912.5,5913.0,5913.5,5914.0,1,2,2,5,2,1,1,3,1,5
20191128,15:31:51.0,2019-11-28 15:31:51,CA3M,LME,5912.0,0,1568,0.0,5935.5,5935.5,5910.0,0.0,0.0,1.7976931348623157e+308,1.7976931348623157e+308,0.0,5911.5,5911.0,5910.5,5910.0,5909.5,5913.0,5913.5,5914.0,5914.5,5915.0,1,2,2,5,2,3,1,5,5,16
20191128,15:31:53.0,2019-11-28 15:31:53,CA3M,LME,5912.0,0,1568,0.0,5935.5,5935.5,5910.0,0.0,0.0,1.7976931348623157e+308,1.7976931348623157e+308,0.0,5911.5,5911.0,5910.5,5910.0,5909.5,5912.5,5913.0,5913.5,5914.0,5914.5,1,2,2,5,2,1,5,1,5,5
20191128,15:31:54.0,2019-11-28 15:31:54,CA3M,LME,5912.0,0,1568,0.0,5935.5,5935.5,5910.0,0.0,0.0,1.7976931348623157e+308,1.7976931348623157e+308,0.0,5911.5,5911.0,5910.5,5910.0,5909.5,5912.5,5913.0,5913.5,5914.0,5914.5,1,2,2,5,2,2,6,2,5,5
20191128,15:31:58.0,2019-11-28 15:31:58,CA3M,LME,5912.0,0,1568,0.0,5935.5,5935.5,5910.0,0.0,0.0,1.7976931348623157e+308,1.7976931348623157e+308,0.0,5911.5,5911.0,5910.5,5910.0,5909.5,5912.5,5913.0,5913.5,5914.0,5914.5,1,2,2,5,2,4,6,2,5,5
20191128,15:32:01.0,2019-11-28 15:32:01,CA3M,LME,5912.0,0,1568,0.0,5935.5,5935.5,5910.0,0.0,0.0,1.7976931348623157e+308,1.7976931348623157e+308,0.0,5912.0,5911.5,5911.0,5910.5,5910.0,5912.5,5913.0,5913.5,5914.0,5914.5,1,1,2,2,5,4,4,2,5,5
20191128,15:32:07.0,2019-11-28 15:32:07,CA3M,LME,5912.0,0,1569,0.0,5935.5,5935.5,5910.0,0.0,0.0,1.7976931348623157e+308,1.7976931348623157e+308,0.0,5912.0,5911.5,5911.0,5910.5,5910.0,5912.5,5913.0,5913.5,5914.0,5914.5,1,1,2,2,5,4,4,2,5,5
20191128,15:32:08.0,2019-11-28 15:32:08,CA3M,LME,5912.0,0,1569,0.0,5935.5,5935.5,5910.0,0.0,0.0,1.7976931348623157e+308,1.7976931348623157e+308,0.0,5911.5,5911.0,5910.5,5910.0,5909.5,5912.5,5913.0,5913.5,5914.0,5914.5,1,2,2,5,2,4,4,2,5,5
20191128,15:32:19.0,2019-11-28 15:32:19,CA3M,LME,5912.0,0,1569,0.0,5935.5,5935.5,5910.0,0.0,0.0,1.7976931348623157e+308,1.7976931348623157e+308,0.0,5911.5,5911.0,5910.5,5910.0,5909.5,5912.5,5913.0,5913.5,5914.0,5914.5,1,2,2,5,2,5,4,2,5,5
20191128,15:32:26.0,2019-11-28 15:32:26,CA3M,LME,5912.0,0,1569,0.0,5935.5,5935.5,5910.0,0.0,0.0,1.7976931348623157e+308,1.7976931348623157e+308,0.0,5911.5,5911.0,5910.5,5910.0,5909.5,5912.5,5913.0,5913.5,5914.0,5914.5,1,2,2,5,2,4,4,2,5,5
20191128,15:32:36.0,2019-11-28 15:32:36,CA3M,LME,5912.0,0,1569,0.0,5935.5,5935.5,5910.0,0.0,0.0,1.7976931348623157e+308,1.7976931348623157e+308,0.0,5911.5,5911.0,5910.5,5910.0,5909.5,5912.5,5913.0,5913.5,5914.0,5914.5,1,2,2,5,2,3,4,2,4,5
20191128,15:32:57.0,2019-11-28 15:32:57,CA3M,LME,5912.0,0,1569,0.0,5935.5,5935.5,5910.0,0.0,0.0,1.7976931348623157e+308,1.7976931348623157e+308,0.0,5911.5,5911.0,5910.5,5910.0,5909.5,5912.5,5913.0,5913.5,5914.0,5914.5,1,2,2,5,2,2,4,1,4,5
20191128,15:32:58.0,2019-11-28 15:32:58,CA3M,LME,5912.0,0,1569,0.0,5935.5,5935.5,5910.0,0.0,0.0,1.7976931348623157e+308,1.7976931348623157e+308,0.0,5911.5,5911.0,5910.5,5910.0,5909.5,5912.5,5913.0,5913.5,5914.0,5914.5,2,2,2,5,2,2,4,1,4,5
20191128,15:33:00.0,2019-11-28 15:33:00,CA3M,LME,5912.0,0,1569,0.0,5935.5,5935.5,5910.0,0.0,0.0,1.7976931348623157e+308,1.7976931348623157e+308,0.0,5911.5,5911.0,5910.5,5910.0,5909.5,5913.0,5913.0,5913.5,5914.0,5914.5,2,2,2,5,2,6,4,1,4,5
20191128,15:33:01.0,2019-11-28 15:33:01,CA3M,LME,5912.0,0,1569,0.0,5935.5,5935.5,5910.0,0.0,0.0,1.7976931348623157e+308,1.7976931348623157e+308,0.0,5911.5,5911.0,5910.5,5910.0,5909.5,5913.0,5913.5,5914.0,5914.5,5915.0,1,2,2,5,2,8,2,4,5,16
20191128,15:33:08.0,2019-11-28 15:33:08,CA3M,LME,5912.0,0,1569,0.0,5935.5,5935.5,5910.0,0.0,0.0,1.7976931348623157e+308,1.7976931348623157e+308,0.0,5911.5,5911.0,5910.5,5910.0,5909.5,5913.0,5913.5,5914.0,5914.5,5915.0,1,2,2,5,2,6,1,4,5,16
20191128,15:33:09.0,2019-11-28 15:33:09,CA3M,LME,5912.0,0,1569,0.0,5935.5,5935.5,5910.0,0.0,0.0,1.7976931348623157e+308,1.7976931348623157e+308,0.0,5911.5,5911.0,5910.5,5910.0,5909.5,5913.0,5913.5,5914.0,5914.5,5915.0,1,2,2,5,2,8,2,4,5,16
20191128,15:33:17.0,2019-11-28 15:33:17,CA3M,LME,5912.0,0,1569,0.0,5935.5,5935.5,5910.0,0.0,0.0,1.7976931348623157e+308,1.7976931348623157e+308,0.0,5911.5,5911.0,5910.5,5910.0,5909.5,5913.0,5913.5,5914.0,5914.5,5915.0,1,2,2,5,2,7,1,4,5,16
20191128,15:33:22.0,2019-11-28 15:33:22,CA3M,LME,5913.0,0,1576,0.0,5935.5,5935.5,5910.0,0.0,0.0,1.7976931348623157e+308,1.7976931348623157e+308,0.0,5911.5,5911.0,5910.5,5910.0,5909.5,5913.5,5914.0,5914.5,5915.0,5915.5,1,2,2,5,2,4,4,3,16,4
20191128,15:33:23.0,2019-11-28 15:33:23,CA3M,LME,5913.0,0,1576,0.0,5935.5,5935.5,5910.0,0.0,0.0,1.7976931348623157e+308,1.7976931348623157e+308,0.0,5912.5,5911.5,5911.0,5910.5,5910.0,5914.0,5914.5,5915.0,5915.5,5916.0,1,2,4,2,11,4,4,18,3,15
20191128,15:33:25.0,2019-11-28 15:33:25,CA3M,LME,5913.0,0,1576,0.0,5935.5,5935.5,5910.0,0.0,0.0,1.7976931348623157e+308,1.7976931348623157e+308,0.0,5912.5,5911.5,5911.0,5910.5,5910.0,5913.5,5914.0,5914.5,5915.0,5915.5,1,2,4,2,7,3,3,4,18,3
20191128,15:33:27.0,2019-11-28 15:33:27,CA3M,LME,5912.5,0,1577,0.0,5935.5,5935.5,5910.0,0.0,0.0,1.7976931348623157e+308,1.7976931348623157e+308,0.0,5911.5,5911.0,5910.5,5910.0,5909.5,5913.5,5914.0,5914.5,5915.0,5915.5,1,2,2,5,2,6,3,2,18,4
20191128,15:33:31.0,2019-11-28 15:33:31,CA3M,LME,5912.5,0,1577,0.0,5935.5,5935.5,5910.0,0.0,0.0,1.7976931348623157e+308,1.7976931348623157e+308,0.0,5911.5,5911.0,5910.5,5910.0,5909.5,5913.0,5913.5,5914.0,5914.5,5915.0,1,2,2,5,2,3,6,4,3,16
20191128,15:33:32.0,2019-11-28 15:33:32,CA3M,LME,5912.5,0,1577,0.0,5935.5,5935.5,5910.0,0.0,0.0,1.7976931348623157e+308,1.7976931348623157e+308,0.0,5911.5,5911.0,5910.5,5910.0,5909.5,5912.5,5913.0,5913.5,5914.0,5914.5,1,2,2,5,2,1,4,5,4,3
20191128,15:33:35.0,2019-11-28 15:33:35,CA3M,LME,5912.5,0,1577,0.0,5935.5,5935.5,5910.0,0.0,0.0,1.7976931348623157e+308,1.7976931348623157e+308,0.0,5911.5,5911.0,5910.5,5910.0,5909.5,5912.5,5913.0,5913.5,5914.0,5914.5,1,2,2,5,2,3,4,5,4,3
20191128,15:33:38.0,2019-11-28 15:33:38,CA3M,LME,5911.0,0,1581,0.0,5935.5,5935.5,5910.0,0.0,0.0,1.7976931348623157e+308,1.7976931348623157e+308,0.0,5910.5,5910.0,5909.5,5909.0,5908.5,5912.5,5913.0,5913.5,5914.0,5914.5,2,5,2,9,3,3,2,5,4,3
20191128,15:33:39.0,2019-11-28 15:33:39,CA3M,LME,5911.0,0,1581,0.0,5935.5,5935.5,5910.0,0.0,0.0,1.7976931348623157e+308,1.7976931348623157e+308,0.0,5910.5,5909.5,5909.0,5908.5,5908.0,5911.0,1.7976931348623157e+308,1.7976931348623157e+308,1.7976931348623157e+308,1.7976931348623157e+308,1,3,5,1,47,4,0,0,0,0
20191128,15:33:43.0,2019-11-28 15:33:43,CA3M,LME,5911.0,0,1581,0.0,5935.5,5935.5,5910.0,0.0,0.0,1.7976931348623157e+308,1.7976931348623157e+308,0.0,5910.0,5909.5,5909.0,5908.5,5908.0,5911.0,5911.5,5912.0,5912.5,5913.0,4,3,5,1,47,6,1,3,7,4
20191128,15:33:54.0,2019-11-28 15:33:54,CA3M,LME,5911.0,0,1581,0.0,5935.5,5935.5,5910.0,0.0,0.0,1.7976931348623157e+308,1.7976931348623157e+308,0.0,5910.0,5909.5,5909.0,5908.5,5908.0,5911.0,5911.5,5912.0,5912.5,5913.0,4,3,5,1,47,7,1,3,5,4
20191128,15:34:17.0,2019-11-28 15:34:17,CA3M,LME,5910.0,0,1582,0.0,5935.5,5935.5,5910.0,0.0,0.0,1.7976931348623157e+308,1.7976931348623157e+308,0.0,5910.0,5909.5,5909.0,5908.0,5907.5,5910.5,5911.0,5911.5,5912.0,5912.5,3,1,4,43,2,1,8,3,3,5
20191128,15:34:18.0,2019-11-28 15:34:18,CA3M,LME,5910.0,0,1582,0.0,5935.5,5935.5,5910.0,0.0,0.0,1.7976931348623157e+308,1.7976931348623157e+308,0.0,5910.0,5909.5,5909.0,5908.0,5907.5,5910.5,5911.0,5911.5,5912.0,5912.5,3,1,4,43,2,2,7,1,4,5
20191128,15:34:19.0,2019-11-28 15:34:19,CA3M,LME,5910.5,0,1583,0.0,5935.5,5935.5,5910.0,0.0,0.0,1.7976931348623157e+308,1.7976931348623157e+308,0.0,5910.0,5909.5,5909.0,5908.0,5907.5,5911.0,5911.5,5912.0,5912.5,5913.0,3,3,4,43,2,6,2,2,5,3
20191128,15:34:24.0,2019-11-28 15:34:24,CA3M,LME,5910.5,0,1583,0.0,5935.5,5935.5,5910.0,0.0,0.0,1.7976931348623157e+308,1.7976931348623157e+308,0.0,5910.5,5910.0,5909.5,5909.0,5908.0,5911.0,5911.5,5912.0,5912.5,5913.0,1,3,3,4,47,6,2,2,5,3
20191128,15:34:29.0,2019-11-28 15:34:29,CA3M,LME,5911.0,0,1589,0.0,5935.5,5935.5,5910.0,0.0,0.0,1.7976931348623157e+308,1.7976931348623157e+308,0.0,5910.5,5910.0,5909.5,5909.0,5908.0,5911.0,5911.5,5912.0,5912.5,5913.0,1,3,3,4,47,3,1,2,5,3
20191128,15:34:29.0,2019-11-28 15:34:29,CA3M,LME,5910.0,0,1593,0.0,5935.5,5935.5,5910.0,0.0,0.0,1.7976931348623157e+308,1.7976931348623157e+308,0.0,5910.5,5910.0,5909.5,5909.0,5908.0,5911.5,5912.0,5912.5,5913.0,5913.5,1,11,3,5,47,2,3,5,3,2
20191128,15:34:29.0,2019-11-28 15:34:29,CA3M,LME,5910.0,0,1597,0.0,5935.5,5935.5,5910.0,0.0,0.0,1.7976931348623157e+308,1.7976931348623157e+308,0.0,5910.5,5910.0,5909.5,5909.0,5908.0,5911.5,5912.0,5912.5,5913.0,5913.5,1,11,3,5,47,2,3,5,3,2
20191128,15:34:29.0,2019-11-28 15:34:29,CA3M,LME,5910.0,0,1601,0.0,5935.5,5935.5,5910.0,0.0,0.0,1.7976931348623157e+308,1.7976931348623157e+308,0.0,5910.0,5909.5,5909.0,5908.0,5907.5,5911.0,5911.5,5912.0,5912.5,5913.0,6,3,5,47,2,2,1,3,5,3
20191128,15:34:30.0,2019-11-28 15:34:30,CA3M,LME,5910.0,0,1605,0.0,5935.5,5935.5,5910.0,0.0,0.0,1.7976931348623157e+308,1.7976931348623157e+308,0.0,5910.0,5909.5,5909.0,5908.0,5907.5,5911.0,5912.0,5912.5,5913.0,5913.5,1,3,5,47,2,2,3,5,3,2
20191128,15:34:30.0,2019-11-28 15:34:30,CA3M,LME,5910.0,0,1609,0.0,5935.5,5935.5,5910.0,0.0,0.0,1.7976931348623157e+308,1.7976931348623157e+308,0.0,5910.5,5909.5,5909.0,5908.0,5907.5,5911.0,1.7976931348623157e+308,1.7976931348623157e+308,1.7976931348623157e+308,1.7976931348623157e+308,1,3,4,47,2,1,0,0,0,0
20191128,15:34:30.0,2019-11-28 15:34:30,CA3M,LME,5910.0,0,1613,0.0,5935.5,5935.5,5910.0,0.0,0.0,1.7976931348623157e+308,1.7976931348623157e+308,0.0,5909.5,5909.0,5908.0,5907.5,5907.0,5910.5,5911.5,5912.0,5912.5,5913.0,2,4,47,2,34,2,2,3,5,3
20191128,15:34:34.0,2019-11-28 15:34:34,CA3M,LME,5910.0,0,1613,0.0,5935.5,5935.5,5910.0,0.0,0.0,1.7976931348623157e+308,1.7976931348623157e+308,0.0,5909.0,5908.5,5908.0,5907.5,5907.0,5910.0,5910.5,5911.0,5911.5,5912.0,4,1,43,2,37,7,1,2,5,3
20191128,15:34:43.0,2019-11-28 15:34:43,CA3M,LME,5910.0,0,1613,0.0,5935.5,5935.5,5910.0,0.0,0.0,1.7976931348623157e+308,1.7976931348623157e+308,0.0,5909.0,5908.5,5908.0,5907.5,5907.0,5910.0,5910.5,5911.0,5911.5,5912.0,5,1,43,2,37,7,1,2,5,3
20191128,15:35:56.0,2019-11-28 15:35:56,CA3M,LME,5908.5,0,1619,0.0,5935.5,5935.5,5908.5,0.0,0.0,1.7976931348623157e+308,1.7976931348623157e+308,0.0,5908.0,5907.5,5907.0,5906.5,5906.0,5909.5,5910.0,5910.5,5911.0,5911.5,42,1,30,2,5,4,9,2,3,4
20191128,15:35:57.0,2019-11-28 15:35:57,CA3M,LME,5908.5,0,1619,0.0,5935.5,5935.5,5908.5,0.0,0.0,1.7976931348623157e+308,1.7976931348623157e+308,0.0,5908.0,5907.5,5907.0,5906.5,5906.0,5909.5,5910.0,5910.5,5911.0,5911.5,42,1,30,2,5,4,8,2,3,4
20191128,15:35:59.0,2019-11-28 15:35:59,CA3M,LME,5908.5,0,1619,0.0,5935.5,5935.5,5908.5,0.0,0.0,1.7976931348623157e+308,1.7976931348623157e+308,0.0,5908.5,5908.0,5907.5,5907.0,5906.5,5909.5,5910.0,5910.5,5911.0,5911.5,1,42,2,31,2,2,7,2,3,4
20191128,15:36:00.0,2019-11-28 15:36:00,CA3M,LME,5908.0,0,1658,0.0,5935.5,5935.5,5908.0,0.0,0.0,1.7976931348623157e+308,1.7976931348623157e+308,0.0,5908.0,5907.5,5907.0,5906.5,5906.0,5908.5,5909.0,5909.5,5910.0,5910.5,4,1,30,2,1,1,1,3,8,4
20191128,15:36:00.0,2019-11-28 15:36:00,CA3M,LME,5908.5,0,1664,0.0,5935.5,5935.5,5908.0,0.0,0.0,1.7976931348623157e+308,1.7976931348623157e+308,0.0,5907.5,5907.0,5906.5,5906.0,5905.5,5908.5,5909.5,5910.0,5910.5,5911.0,1,30,3,1,2,2,7,9,4,3
20191128,15:36:00.0,2019-11-28 15:36:00,CA3M,LME,5907.0,0,1670,0.0,5935.5,5935.5,5907.0,0.0,0.0,1.7976931348623157e+308,1.7976931348623157e+308,0.0,5907.0,5906.5,5906.0,5905.5,5905.0,5908.0,5908.5,5909.0,5909.5,5910.0,24,2,1,2,7,2,4,2,4,9
20191128,15:36:02.0,2019-11-28 15:36:02,CA3M,LME,5907.0,0,1670,0.0,5935.5,5935.5,5907.0,0.0,0.0,1.7976931348623157e+308,1.7976931348623157e+308,0.0,5907.0,5906.5,5906.0,5905.5,5905.0,5908.0,5908.5,5909.0,5909.5,5910.0,24,2,1,2,7,4,4,2,4,9
20191128,15:36:05.0,2019-11-28 15:36:05,CA3M,LME,5907.0,0,1670,0.0,5935.5,5935.5,5907.0,0.0,0.0,1.7976931348623157e+308,1.7976931348623157e+308,0.0,5907.0,5906.5,5906.0,5905.5,5905.0,5907.5,5908.0,5908.5,5909.0,5909.5,24,2,1,2,7,4,5,3,2,4
20191128,15:36:05.0,2019-11-28 15:36:05,CA3M,LME,5907.0,0,1672,0.0,5935.5,5935.5,5907.0,0.0,0.0,1.7976931348623157e+308,1.7976931348623157e+308,0.0,5907.0,5906.5,5906.0,5905.5,5905.0,5907.5,5908.0,5908.5,5909.0,5909.5,22,2,1,2,7,4,5,3,2,5
20191128,15:36:06.0,2019-11-28 15:36:06,CA3M,LME,5907.0,0,1672,0.0,5935.5,5935.5,5907.0,0.0,0.0,1.7976931348623157e+308,1.7976931348623157e+308,0.0,5907.0,5906.5,5906.0,5905.5,5905.0,5907.5,5908.0,5908.5,5909.0,5909.5,22,2,1,2,7,6,5,3,2,5
20191128,15:36:06.0,2019-11-28 15:36:06,CA3M,LME,5907.0,0,1674,0.0,5935.5,5935.5,5907.0,0.0,0.0,1.7976931348623157e+308,1.7976931348623157e+308,0.0,5907.0,5906.5,5906.0,5905.5,5905.0,5907.5,5908.0,5908.5,5909.0,5909.5,20,2,1,2,7,6,3,3,2,5
20191128,15:36:07.0,2019-11-28 15:36:07,CA3M,LME,5907.0,0,1694,0.0,5935.5,5935.5,5907.0,0.0,0.0,1.7976931348623157e+308,1.7976931348623157e+308,0.0,5905.0,5904.5,5904.0,5903.5,5903.0,5907.5,5908.0,5908.5,5909.0,5909.5,3,3,13,3,9,6,4,3,3,5
20191128,15:36:08.0,2019-11-28 15:36:08,CA3M,LME,5907.0,0,1694,0.0,5935.5,5935.5,5907.0,0.0,0.0,1.7976931348623157e+308,1.7976931348623157e+308,0.0,5905.5,5905.0,5904.5,5904.0,5903.5,5906.5,5907.0,5907.5,5908.0,5908.5,1,4,3,11,3,4,2,5,4,4
20191128,15:36:10.0,2019-11-28 15:36:10,CA3M,LME,5906.0,0,1695,0.0,5935.5,5935.5,5906.0,0.0,0.0,1.7976931348623157e+308,1.7976931348623157e+308,0.0,5905.5,5905.0,5904.5,5904.0,5903.5,5906.5,5906.5,5907.0,5907.5,5908.0,1,4,2,11,3,6,6,2,4,2
20191128,15:36:11.0,2019-11-28 15:36:11,CA3M,LME,5906.0,0,1695,0.0,5935.5,5935.5,5906.0,0.0,0.0,1.7976931348623157e+308,1.7976931348623157e+308,0.0,5905.5,5905.0,5904.5,5904.0,5903.5,5906.5,5907.0,5907.5,5908.0,5908.5,1,4,2,11,3,5,1,2,3,3
20191128,15:36:12.0,2019-11-28 15:36:12,CA3M,LME,5906.5,0,1700,0.0,5935.5,5935.5,5906.0,0.0,0.0,1.7976931348623157e+308,1.7976931348623157e+308,0.0,5906.5,5905.5,5905.0,5904.5,5904.0,5907.5,5908.0,5908.5,5909.5,5910.0,1,4,3,3,11,1,2,2,5,7
20191128,15:36:13.0,2019-11-28 15:36:13,CA3M,LME,5906.5,0,1700,0.0,5935.5,5935.5,5906.0,0.0,0.0,1.7976931348623157e+308,1.7976931348623157e+308,0.0,5905.5,5905.0,5904.5,5904.0,5903.5,5907.0,5907.5,5908.0,5908.5,5909.0,4,3,3,15,4,2,2,2,3,1
20191128,15:36:14.0,2019-11-28 15:36:14,CA3M,LME,5906.5,0,1700,0.0,5935.5,5935.5,5906.0,0.0,0.0,1.7976931348623157e+308,1.7976931348623157e+308,0.0,5905.5,5905.0,5904.5,5904.0,5903.5,5907.5,5908.0,5908.5,5909.0,5909.5,4,4,3,16,4,3,2,3,2,5
20191128,15:36:16.0,2019-11-28 15:36:16,CA3M,LME,5906.5,0,1700,0.0,5935.5,5935.5,5906.0,0.0,0.0,1.7976931348623157e+308,1.7976931348623157e+308,0.0,5906.5,5905.5,5905.0,5904.5,5904.0,5907.0,5907.5,5908.0,5908.5,5909.0,1,4,4,3,16,2,3,2,3,1
20191128,15:36:17.0,2019-11-28 15:36:17,CA3M,LME,5906.5,0,1701,0.0,5935.5,5935.5,5906.0,0.0,0.0,1.7976931348623157e+308,1.7976931348623157e+308,0.0,5906.5,5905.5,5905.0,5904.5,5904.0,5907.0,5907.5,5908.0,5908.5,5909.0,1,4,4,3,16,2,2,2,3,1
20191128,15:36:19.0,2019-11-28 15:36:19,CA3M,LME,5906.5,0,1701,0.0,5935.5,5935.5,5906.0,0.0,0.0,1.7976931348623157e+308,1.7976931348623157e+308,0.0,5905.5,5905.0,5904.5,5904.0,5903.5,5906.5,5907.0,5907.5,5908.0,5908.5,2,4,3,9,3,2,1,3,3,3
20191128,15:36:20.0,2019-11-28 15:36:20,CA3M,LME,5906.5,0,1701,0.0,5935.5,5935.5,5906.0,0.0,0.0,1.7976931348623157e+308,1.7976931348623157e+308,0.0,5905.5,5905.0,5904.5,5904.0,5903.5,5906.5,5907.0,5907.5,5908.0,5908.5,2,4,3,9,3,3,1,3,3,3
20191128,15:36:23.0,2019-11-28 15:36:23,CA3M,LME,5905.5,0,1702,0.0,5935.5,5935.5,5905.5,0.0,0.0,1.7976931348623157e+308,1.7976931348623157e+308,0.0,5905.5,5905.0,5904.5,5904.0,5903.5,5906.5,5907.5,5908.0,5908.5,5909.0,1,4,2,9,3,3,3,3,3,3
20191128,15:36:24.0,2019-11-28 15:36:24,CA3M,LME,5905.5,0,1702,0.0,5935.5,5935.5,5905.5,0.0,0.0,1.7976931348623157e+308,1.7976931348623157e+308,0.0,5905.0,5904.5,5904.0,5903.5,5903.0,5905.5,5906.5,5907.0,5907.5,5908.0,4,2,9,3,6,1,3,1,3,4
20191128,15:36:26.0,2019-11-28 15:36:26,CA3M,LME,5905.5,0,1702,0.0,5935.5,5935.5,5905.5,0.0,0.0,1.7976931348623157e+308,1.7976931348623157e+308,0.0,5905.0,5904.5,5904.0,5903.5,5903.0,5905.5,5906.0,5906.5,5907.0,5907.5,4,2,9,3,6,2,2,3,1,3
20191128,15:36:28.0,2019-11-28 15:36:28,CA3M,LME,5904.5,0,1712,0.0,5935.5,5935.5,5904.5,0.0,0.0,1.7976931348623157e+308,1.7976931348623157e+308,0.0,5904.0,5903.5,5903.0,5902.5,5902.0,5904.5,5905.0,5905.5,5906.0,5906.5,8,3,6,5,8,4,1,2,2,3
20191128,15:36:29.0,2019-11-28 15:36:29,CA3M,LME,5904.5,0,1712,0.0,5935.5,5935.5,5904.5,0.0,0.0,1.7976931348623157e+308,1.7976931348623157e+308,0.0,5904.0,5903.5,5903.0,5902.5,5902.0,5904.5,5905.0,5905.5,5906.0,5906.5,4,3,5,5,8,1,1,1,2,3
20191128,15:36:30.0,2019-11-28 15:36:30,CA3M,LME,5904.5,0,1713,0.0,5935.5,5935.5,5904.5,0.0,0.0,1.7976931348623157e+308,1.7976931348623157e+308,0.0,5904.0,5903.5,5903.0,5902.5,5902.0,5905.0,5905.5,5906.0,5906.5,5907.0,4,3,5,5,8,1,1,2,3,3
20191128,15:36:33.0,2019-11-28 15:36:33,CA3M,LME,5904.5,0,1713,0.0,5935.5,5935.5,5904.5,0.0,0.0,1.7976931348623157e+308,1.7976931348623157e+308,0.0,5904.0,5903.5,5903.0,5902.5,5902.0,5905.0,5905.5,5906.0,5906.5,5907.0,4,3,5,5,8,2,1,2,3,3
20191128,15:36:34.0,2019-11-28 15:36:34,CA3M,LME,5905.0,0,1714,0.0,5935.5,5935.5,5904.5,0.0,0.0,1.7976931348623157e+308,1.7976931348623157e+308,0.0,5904.0,5903.5,5903.0,5902.5,5902.0,5905.0,5906.0,5906.5,5907.0,5907.5,4,3,5,5,8,1,2,4,3,2
20191128,15:36:36.0,2019-11-28 15:36:36,CA3M,LME,5905.0,0,1714,0.0,5935.5,5935.5,5904.5,0.0,0.0,1.7976931348623157e+308,1.7976931348623157e+308,0.0,5904.5,5904.0,5903.5,5903.0,5902.5,5906.0,5906.0,5906.5,5907.0,5907.5,1,4,3,5,5,3,2,4,3,2
20191128,15:36:39.0,2019-11-28 15:36:39,CA3M,LME,5905.0,0,1715,0.0,5935.5,5935.5,5904.5,0.0,0.0,1.7976931348623157e+308,1.7976931348623157e+308,0.0,5904.0,5903.5,5903.0,5902.5,5902.0,5905.5,5906.0,5906.5,5907.0,5907.5,4,2,5,4,8,1,3,3,3,2
20191128,15:36:47.0,2019-11-28 15:36:47,CA3M,LME,5905.0,0,1715,0.0,5935.5,5935.5,5904.5,0.0,0.0,1.7976931348623157e+308,1.7976931348623157e+308,0.0,5904.5,5904.0,5903.5,5903.0,5902.5,5906.0,5906.5,5907.0,5907.5,5908.0,1,4,2,10,4,4,2,2,2,2
20191128,15:37:00.0,2019-11-28 15:37:00,CA3M,LME,5905.0,0,1715,0.0,5935.5,5935.5,5904.5,0.0,0.0,1.7976931348623157e+308,1.7976931348623157e+308,0.0,5904.5,5904.0,5903.5,5903.0,5902.5,5905.5,5906.0,5906.5,5907.0,5907.5,1,4,2,9,4,3,3,2,2,2
20191128,15:37:01.0,2019-11-28 15:37:01,CA3M,LME,5905.0,0,1715,0.0,5935.5,5935.5,5904.5,0.0,0.0,1.7976931348623157e+308,1.7976931348623157e+308,0.0,5904.5,5904.0,5903.5,5903.0,5902.5,5905.5,5906.0,5906.5,5907.0,5907.5,1,4,2,9,4,3,2,2,2,2
20191128,15:37:13.0,2019-11-28 15:37:13,CA3M,LME,5904.5,0,1716,0.0,5935.5,5935.5,5904.5,0.0,0.0,1.7976931348623157e+308,1.7976931348623157e+308,0.0,5904.0,5903.5,5903.0,5902.5,5902.0,5905.0,5905.5,5906.0,5906.5,5907.0,4,2,9,2,4,1,3,1,2,1
20191128,15:37:15.0,2019-11-28 15:37:15,CA3M,LME,5904.5,0,1716,0.0,5935.5,5935.5,5904.5,0.0,0.0,1.7976931348623157e+308,1.7976931348623157e+308,0.0,5904.0,5903.5,5903.0,5902.5,5902.0,5905.0,5905.5,5906.0,5906.5,5907.0,4,2,5,2,8,3,2,1,2,1
20191128,15:37:17.0,2019-11-28 15:37:17,CA3M,LME,5904.5,0,1716,0.0,5935.5,5935.5,5904.5,0.0,0.0,1.7976931348623157e+308,1.7976931348623157e+308,0.0,5904.0,5903.5,5903.0,5902.5,5902.0,5904.5,5905.0,5905.5,5906.0,5906.5,4,2,5,2,8,1,3,1,1,3
20191128,15:37:22.0,2019-11-28 15:37:22,CA3M,LME,5904.5,0,1716,0.0,5935.5,5935.5,5904.5,0.0,0.0,1.7976931348623157e+308,1.7976931348623157e+308,0.0,5904.0,5903.5,5903.0,5902.5,5902.0,5904.5,5905.0,5905.5,5906.0,5906.5,4,2,5,2,8,3,2,1,1,3
20191128,15:37:25.0,2019-11-28 15:37:25,CA3M,LME,5904.5,0,1718,0.0,5935.5,5935.5,5904.5,0.0,0.0,1.7976931348623157e+308,1.7976931348623157e+308,0.0,5904.0,5903.5,5903.0,5902.5,5902.0,5904.5,5905.0,5905.5,5906.0,5906.5,4,2,5,2,8,1,1,1,1,3
20191128,15:37:25.0,2019-11-28 15:37:25,CA3M,LME,5904.5,0,1719,0.0,5935.5,5935.5,5904.5,0.0,0.0,1.7976931348623157e+308,1.7976931348623157e+308,0.0,5904.5,5904.0,5903.5,5903.0,5902.5,5905.5,5906.0,5906.5,5907.0,5907.5,1,4,2,9,4,1,1,2,2,2
20191128,15:37:28.0,2019-11-28 15:37:28,CA3M,LME,5904.5,0,1719,0.0,5935.5,5935.5,5904.5,0.0,0.0,1.7976931348623157e+308,1.7976931348623157e+308,0.0,5904.5,5904.0,5903.5,5903.0,5902.5,5905.5,5906.0,5906.5,5907.0,5907.5,2,4,2,9,4,1,1,2,2,2
20191128,15:37:31.0,2019-11-28 15:37:31,CA3M,LME,5904.5,0,1719,0.0,5935.5,5935.5,5904.5,0.0,0.0,1.7976931348623157e+308,1.7976931348623157e+308,0.0,5904.5,5904.0,5903.5,5903.0,5902.5,5906.0,5906.0,5906.5,5907.0,5907.5,2,4,2,5,4,1,1,2,2,2
20191128,15:37:38.0,2019-11-28 15:37:38,CA3M,LME,5904.5,0,1719,0.0,5935.5,5935.5,5904.5,0.0,0.0,1.7976931348623157e+308,1.7976931348623157e+308,0.0,5905.5,5905.0,5904.5,5904.0,5903.5,5906.0,5906.5,5907.0,5907.5,5908.0,1,1,4,9,2,2,1,1,2,2
20191128,15:37:41.0,2019-11-28 15:37:41,CA3M,LME,5904.5,0,1719,0.0,5935.5,5935.5,5904.5,0.0,0.0,1.7976931348623157e+308,1.7976931348623157e+308,0.0,5905.0,5904.5,5904.0,5903.5,5903.0,5906.0,5906.5,5907.0,5907.5,5908.0,1,4,9,2,6,2,1,1,2,2
20191128,15:37:42.0,2019-11-28 15:37:42,CA3M,LME,5904.5,0,1719,0.0,5935.5,5935.5,5904.5,0.0,0.0,1.7976931348623157e+308,1.7976931348623157e+308,0.0,5905.0,5904.5,5904.0,5903.5,5903.0,5906.5,5906.5,5907.0,5907.5,5908.0,1,4,9,2,6,3,1,1,2,2
20191128,15:37:46.0,2019-11-28 15:37:46,CA3M,LME,5904.5,0,1719,0.0,5935.5,5935.5,5904.5,0.0,0.0,1.7976931348623157e+308,1.7976931348623157e+308,0.0,5905.0,5904.5,5904.0,5903.5,5903.0,5906.0,5906.5,5907.0,5907.5,5908.0,1,4,9,2,6,1,3,1,2,3
20191128,15:37:47.0,2019-11-28 15:37:47,CA3M,LME,5904.5,0,1719,0.0,5935.5,5935.5,5904.5,0.0,0.0,1.7976931348623157e+308,1.7976931348623157e+308,0.0,5905.0,5904.5,5904.0,5903.5,5903.0,5906.0,5906.5,5907.0,5907.5,5908.0,1,4,9,2,6,3,3,1,2,2
20191128,15:37:53.0,2019-11-28 15:37:53,CA3M,LME,5904.5,0,1719,0.0,5935.5,5935.5,5904.5,0.0,0.0,1.7976931348623157e+308,1.7976931348623157e+308,0.0,5905.0,5904.5,5904.0,5903.5,5903.0,5906.0,5906.5,5907.0,5907.5,5908.0,4,4,8,2,6,2,1,1,2,2
20191128,15:37:55.0,2019-11-28 15:37:55,CA3M,LME,5906.0,0,1721,0.0,5935.5,5935.5,5904.5,0.0,0.0,1.7976931348623157e+308,1.7976931348623157e+308,0.0,5906.0,5905.5,5905.0,5904.5,5904.0,5906.5,5907.0,5907.5,5908.0,5908.5,1,3,4,4,10,1,1,1,2,3
20191128,15:37:55.0,2019-11-28 15:37:55,CA3M,LME,5906.0,0,1723,0.0,5935.5,5935.5,5904.5,0.0,0.0,1.7976931348623157e+308,1.7976931348623157e+308,0.0,5905.5,5905.0,5904.5,5904.0,5903.5,5906.5,5907.0,5907.5,5908.0,5908.5,1,4,4,8,2,1,1,1,2,2
20191128,15:37:57.0,2019-11-28 15:37:57,CA3M,LME,5906.0,0,1723,0.0,5935.5,5935.5,5904.5,0.0,0.0,1.7976931348623157e+308,1.7976931348623157e+308,0.0,5905.5,5905.0,5904.5,5904.0,5903.5,5906.5,5907.0,5907.5,5908.0,5908.5,1,4,4,8,2,3,1,1,2,2
20191128,15:37:58.0,2019-11-28 15:37:58,CA3M,LME,5906.0,0,1723,0.0,5935.5,5935.5,5904.5,0.0,0.0,1.7976931348623157e+308,1.7976931348623157e+308,0.0,5905.0,5904.5,5904.0,5903.5,5903.0,5906.0,5906.5,5907.0,5907.5,5908.0,4,4,8,2,7,1,3,1,2,3
20191128,15:38:01.0,2019-11-28 15:38:01,CA3M,LME,5906.0,0,1723,0.0,5935.5,5935.5,5904.5,0.0,0.0,1.7976931348623157e+308,1.7976931348623157e+308,0.0,5905.0,5904.5,5904.0,5903.5,5903.0,5906.0,5906.5,5907.0,5907.5,5908.0,4,4,8,2,7,3,3,1,2,3
20191128,15:38:07.0,2019-11-28 15:38:07,CA3M,LME,5906.0,0,1723,0.0,5935.5,5935.5,5904.5,0.0,0.0,1.7976931348623157e+308,1.7976931348623157e+308,0.0,5905.0,5904.5,5904.0,5903.5,5903.0,5906.0,5906.5,5907.0,5907.5,5908.0,5,4,8,2,7,3,1,1,2,3
20191128,15:38:15.0,2019-11-28 15:38:15,CA3M,LME,5906.5,0,1726,0.0,5935.5,5935.5,5904.5,0.0,0.0,1.7976931348623157e+308,1.7976931348623157e+308,0.0,5906.5,5906.0,5905.5,5905.0,5904.5,5907.5,5908.0,5908.5,5909.0,5909.5,1,2,3,9,4,1,2,2,2,5
20191128,15:38:17.0,2019-11-28 15:38:17,CA3M,LME,5906.5,0,1726,0.0,5935.5,5935.5,5904.5,0.0,0.0,1.7976931348623157e+308,1.7976931348623157e+308,0.0,5906.5,5906.0,5905.5,5905.0,5904.5,5907.5,5908.0,5908.5,5909.0,5909.5,2,2,3,13,4,2,1,1,1,6
20191128,15:38:19.0,2019-11-28 15:38:19,CA3M,LME,5906.5,0,1726,0.0,5935.5,5935.5,5904.5,0.0,0.0,1.7976931348623157e+308,1.7976931348623157e+308,0.0,5906.5,5906.0,5905.5,5905.0,5904.5,5907.0,5907.5,5908.0,5908.5,5909.0,1,1,2,9,4,2,2,2,2,2
20191128,15:38:19.0,2019-11-28 15:38:19,CA3M,LME,5906.5,0,1727,0.0,5935.5,5935.5,5904.5,0.0,0.0,1.7976931348623157e+308,1.7976931348623157e+308,0.0,5906.0,5905.5,5905.0,5904.5,5904.0,5907.0,5907.5,5908.0,5908.5,5909.0,1,2,9,4,12,2,2,2,2,2
20191128,15:38:20.0,2019-11-28 15:38:20,CA3M,LME,5906.5,0,1727,0.0,5935.5,5935.5,5904.5,0.0,0.0,1.7976931348623157e+308,1.7976931348623157e+308,0.0,5906.0,5905.5,5905.0,5904.5,5904.0,5907.0,5907.5,5908.0,5908.5,5909.0,1,2,9,4,12,1,2,2,2,2
20191128,15:38:23.0,2019-11-28 15:38:23,CA3M,LME,5906.5,0,1727,0.0,5935.5,5935.5,5904.5,0.0,0.0,1.7976931348623157e+308,1.7976931348623157e+308,0.0,5905.5,5905.5,5905.0,5904.5,5904.0,5907.5,5908.0,5908.5,5909.0,5909.5,2,2,9,4,12,2,2,2,2,5
20191128,15:38:52.0,2019-11-28 15:38:52,CA3M,LME,5906.5,0,1727,0.0,5935.5,5935.5,5904.5,0.0,0.0,1.7976931348623157e+308,1.7976931348623157e+308,0.0,5905.5,5905.0,5904.5,5904.0,5903.5,5907.5,5908.0,5908.5,5909.0,5909.5,4,9,4,11,4,2,2,2,3,5
20191128,15:38:59.0,2019-11-28 15:38:59,CA3M,LME,5907.5,0,1729,0.0,5935.5,5935.5,5904.5,0.0,0.0,1.7976931348623157e+308,1.7976931348623157e+308,0.0,5907.5,5907.0,5906.5,5906.0,5905.5,5908.5,5908.5,5909.0,5909.5,5910.0,1,2,1,4,5,1,1,1,4,3
20191128,15:39:00.0,2019-11-28 15:39:00,CA3M,LME,5907.5,0,1729,0.0,5935.5,5935.5,5904.5,0.0,0.0,1.7976931348623157e+308,1.7976931348623157e+308,0.0,5907.0,5906.5,5906.0,5905.5,5905.0,5908.5,5909.0,5909.5,5910.0,5910.5,2,1,5,5,6,1,1,4,3,5
20191128,15:39:02.0,2019-11-28 15:39:02,CA3M,LME,5907.5,0,1729,0.0,5935.5,5935.5,5904.5,0.0,0.0,1.7976931348623157e+308,1.7976931348623157e+308,0.0,5907.0,5906.5,5906.0,5905.5,5905.0,5908.5,5909.0,5909.5,5910.0,5910.5,2,2,7,3,10,1,1,4,3,5
20191128,15:39:04.0,2019-11-28 15:39:04,CA3M,LME,5907.5,0,1729,0.0,5935.5,5935.5,5904.5,0.0,0.0,1.7976931348623157e+308,1.7976931348623157e+308,0.0,5907.0,5906.5,5906.0,5905.5,5905.0,5908.5,5909.0,5909.5,5910.0,5910.5,2,2,7,3,10,3,1,4,3,5
20191128,15:39:06.0,2019-11-28 15:39:06,CA3M,LME,5907.5,0,1729,0.0,5935.5,5935.5,5904.5,0.0,0.0,1.7976931348623157e+308,1.7976931348623157e+308,0.0,5907.0,5906.5,5906.0,5905.5,5905.0,5908.5,5909.0,5909.5,5910.0,5910.5,1,2,7,3,10,3,1,4,3,5
20191128,15:39:07.0,2019-11-28 15:39:07,CA3M,LME,5907.5,0,1729,0.0,5935.5,5935.5,5904.5,0.0,0.0,1.7976931348623157e+308,1.7976931348623157e+308,0.0,5906.5,5906.0,5905.5,5905.0,5904.5,5907.5,5908.0,5908.5,5909.0,5909.5,2,3,3,14,5,1,2,3,1,4
20191128,15:39:09.0,2019-11-28 15:39:09,CA3M,LME,5907.5,0,1729,0.0,5935.5,5935.5,5904.5,0.0,0.0,1.7976931348623157e+308,1.7976931348623157e+308,0.0,5906.5,5906.0,5905.5,5905.0,5904.5,5907.5,5908.0,5908.5,5909.0,5909.5,1,3,3,9,4,3,1,3,1,4
20191128,15:39:20.0,2019-11-28 15:39:20,CA3M,LME,5907.5,0,1731,0.0,5935.5,5935.5,5904.5,0.0,0.0,1.7976931348623157e+308,1.7976931348623157e+308,0.0,5907.0,5906.5,5906.0,5905.5,5905.0,5908.0,5908.0,5908.5,5909.0,5909.5,3,1,7,4,10,1,1,1,1,4
20191128,15:39:21.0,2019-11-28 15:39:21,CA3M,LME,5907.5,0,1731,0.0,5935.5,5935.5,5904.5,0.0,0.0,1.7976931348623157e+308,1.7976931348623157e+308,0.0,5907.0,5906.5,5906.0,5905.5,5905.0,5908.5,5909.0,5909.5,5910.0,5910.5,2,1,7,4,10,1,1,4,2,5
20191128,15:39:23.0,2019-11-28 15:39:23,CA3M,LME,5907.5,0,1731,0.0,5935.5,5935.5,5904.5,0.0,0.0,1.7976931348623157e+308,1.7976931348623157e+308,0.0,5907.0,5906.5,5906.0,5905.5,5905.0,5908.5,5909.0,5909.5,5910.0,5910.5,2,1,7,4,10,3,1,4,2,5
20191128,15:39:38.0,2019-11-28 15:39:38,CA3M,LME,5907.5,0,1731,0.0,5935.5,5935.5,5904.5,0.0,0.0,1.7976931348623157e+308,1.7976931348623157e+308,0.0,5907.0,5906.5,5906.0,5905.5,5905.0,5908.5,5909.0,5909.5,5910.0,5910.5,3,1,7,4,10,3,1,4,2,5
20191128,15:39:46.0,2019-11-28 15:39:46,CA3M,LME,5907.5,0,1731,0.0,5935.5,5935.5,5904.5,0.0,0.0,1.7976931348623157e+308,1.7976931348623157e+308,0.0,5907.0,5906.5,5906.0,5905.5,5905.0,5908.0,5909.0,5909.5,5910.0,5910.5,3,1,7,4,10,1,1,4,2,5
20191128,15:39:50.0,2019-11-28 15:39:50,CA3M,LME,5907.5,0,1731,0.0,5935.5,5935.5,5904.5,0.0,0.0,1.7976931348623157e+308,1.7976931348623157e+308,0.0,5907.0,5906.5,5906.0,5905.5,5905.0,5908.0,5908.5,5909.0,5909.5,5910.0,3,1,7,4,10,3,3,1,4,2
20191128,15:39:51.0,2019-11-28 15:39:51,CA3M,LME,5909.0,0,1736,0.0,5935.5,5935.5,5904.5,0.0,0.0,1.7976931348623157e+308,1.7976931348623157e+308,0.0,5907.0,5906.5,5906.0,5905.5,5905.0,5908.5,5909.0,5909.5,5910.0,5910.5,3,2,7,4,10,1,1,3,2,4
20191128,15:39:51.0,2019-11-28 15:39:51,CA3M,LME,5908.5,0,1737,0.0,5935.5,5935.5,5904.5,0.0,0.0,1.7976931348623157e+308,1.7976931348623157e+308,0.0,5907.0,5906.5,5906.0,5905.5,5905.0,5909.5,5910.0,5910.5,5911.0,5911.5,3,2,12,6,5,2,2,2,3,5
20191128,15:39:53.0,2019-11-28 15:39:53,CA3M,LME,5908.5,0,1737,0.0,5935.5,5935.5,5904.5,0.0,0.0,1.7976931348623157e+308,1.7976931348623157e+308,0.0,5907.5,5906.5,5906.0,5905.5,5905.0,5909.5,5910.0,5910.5,5911.0,5911.5,1,2,7,4,10,2,2,2,3,7
20191128,15:39:55.0,2019-11-28 15:39:55,CA3M,LME,5908.0,0,1738,0.0,5935.5,5935.5,5904.5,0.0,0.0,1.7976931348623157e+308,1.7976931348623157e+308,0.0,5908.0,5907.5,5907.0,5906.5,5906.0,5908.5,5909.0,5909.5,5910.0,5910.5,1,1,2,2,7,1,2,3,2,3
20191128,15:40:01.0,2019-11-28 15:40:01,CA3M,LME,5908.0,0,1738,0.0,5935.5,5935.5,5904.5,0.0,0.0,1.7976931348623157e+308,1.7976931348623157e+308,0.0,5908.0,5907.5,5907.0,5906.5,5906.0,5908.5,5909.0,5909.5,5910.0,5910.5,1,1,2,2,7,2,2,3,2,3
20191128,15:40:10.0,2019-11-28 15:40:10,CA3M,LME,5908.0,0,1738,0.0,5935.5,5935.5,5904.5,0.0,0.0,1.7976931348623157e+308,1.7976931348623157e+308,0.0,5908.0,5907.0,5906.5,5906.0,5905.5,5908.5,5909.0,5909.5,5910.0,5910.5,1,2,3,7,5,1,2,3,2,3
20191128,15:40:11.0,2019-11-28 15:40:11,CA3M,LME,5908.0,0,1738,0.0,5935.5,5935.5,5904.5,0.0,0.0,1.7976931348623157e+308,1.7976931348623157e+308,0.0,5908.0,5907.0,5906.5,5906.0,5905.5,5909.0,5909.5,5910.0,5910.5,5911.0,1,2,3,7,5,1,2,2,2,2
20191128,15:40:13.0,2019-11-28 15:40:13,CA3M,LME,5908.0,0,1738,0.0,5935.5,5935.5,5904.5,0.0,0.0,1.7976931348623157e+308,1.7976931348623157e+308,0.0,5908.5,5907.0,5906.5,5906.0,5905.5,5909.0,5909.5,5910.0,5910.5,5911.0,2,2,3,7,5,1,3,2,3,4
20191128,15:40:13.0,2019-11-28 15:40:13,CA3M,LME,5908.5,0,1740,0.0,5935.5,5935.5,5904.5,0.0,0.0,1.7976931348623157e+308,1.7976931348623157e+308,0.0,5908.0,5907.0,5906.5,5906.0,5905.5,5909.0,5909.5,5910.0,5910.5,5911.0,1,2,3,7,5,1,2,2,2,4
20191128,15:40:21.0,2019-11-28 15:40:21,CA3M,LME,5908.5,0,1740,0.0,5935.5,5935.5,5904.5,0.0,0.0,1.7976931348623157e+308,1.7976931348623157e+308,0.0,5908.0,5907.0,5906.5,5906.0,5905.5,5908.5,5909.0,5909.5,5910.0,5910.5,1,2,3,7,5,2,1,4,2,2
20191128,15:40:21.0,2019-11-28 15:40:21,CA3M,LME,5908.0,0,1741,0.0,5935.5,5935.5,5904.5,0.0,0.0,1.7976931348623157e+308,1.7976931348623157e+308,0.0,5907.0,5907.0,5906.5,5906.0,5905.5,5908.5,5909.0,5909.5,5910.0,5910.5,1,1,3,7,5,2,2,3,2,3
20191128,15:40:23.0,2019-11-28 15:40:23,CA3M,LME,5908.0,0,1742,0.0,5935.5,5935.5,5904.5,0.0,0.0,1.7976931348623157e+308,1.7976931348623157e+308,0.0,5908.0,5907.0,5906.5,5906.0,5905.5,5908.5,5909.0,5909.5,5910.0,5910.5,1,1,3,7,5,1,2,3,2,3
20191128,15:40:59.0,2019-11-28 15:40:59,CA3M,LME,5908.0,0,1742,0.0,5935.5,5935.5,5904.5,0.0,0.0,1.7976931348623157e+308,1.7976931348623157e+308,0.0,5907.0,5906.5,5906.0,5905.5,5905.0,5908.0,5908.5,5909.0,5909.5,5910.0,1,2,6,5,7,1,2,2,3,2
20191128,15:41:00.0,2019-11-28 15:41:00,CA3M,LME,5908.0,0,1742,0.0,5935.5,5935.5,5904.5,0.0,0.0,1.7976931348623157e+308,1.7976931348623157e+308,0.0,5907.0,5906.5,5906.0,5905.5,5905.0,5908.0,5908.5,5909.0,5909.5,5910.0,1,2,6,5,7,1,2,2,3,2
20191128,15:41:05.0,2019-11-28 15:41:05,CA3M,LME,5908.0,0,1743,0.0,5935.5,5935.5,5904.5,0.0,0.0,1.7976931348623157e+308,1.7976931348623157e+308,0.0,5907.0,5906.5,5906.0,5905.5,5905.0,5908.5,5909.0,5909.5,5910.0,5910.5,2,2,6,5,7,2,2,3,2,3
20191128,15:41:05.0,2019-11-28 15:41:05,CA3M,LME,5909.0,0,1745,0.0,5935.5,5935.5,5904.5,0.0,0.0,1.7976931348623157e+308,1.7976931348623157e+308,0.0,5908.5,5908.0,5907.5,5907.0,5906.5,5910.0,5910.5,5911.0,5911.5,5912.0,1,2,1,12,2,2,2,1,1,2
20191128,15:41:06.0,2019-11-28 15:41:06,CA3M,LME,5909.0,0,1745,0.0,5935.5,5935.5,5904.5,0.0,0.0,1.7976931348623157e+308,1.7976931348623157e+308,0.0,5908.5,5908.0,5907.5,5907.0,5906.5,5909.5,5910.0,5910.5,5911.0,5911.5,1,2,1,7,2,1,3,3,1,1
20191128,15:41:19.0,2019-11-28 15:41:19,CA3M,LME,5909.0,0,1745,0.0,5935.5,5935.5,5904.5,0.0,0.0,1.7976931348623157e+308,1.7976931348623157e+308,0.0,5908.0,5907.5,5907.0,5906.5,5906.0,5909.0,5909.5,5910.0,5910.5,5911.0,1,1,7,2,6,2,3,3,3,2
20191128,15:41:20.0,2019-11-28 15:41:20,CA3M,LME,5909.0,0,1745,0.0,5935.5,5935.5,5904.5,0.0,0.0,1.7976931348623157e+308,1.7976931348623157e+308,0.0,5907.5,5907.0,5906.5,5906.0,5905.5,5908.5,5909.0,5909.5,5910.0,5910.5,1,7,2,6,5,2,2,4,3,3
20191128,15:41:22.0,2019-11-28 15:41:22,CA3M,LME,5909.0,0,1745,0.0,5935.5,5935.5,5904.5,0.0,0.0,1.7976931348623157e+308,1.7976931348623157e+308,0.0,5907.5,5907.0,5906.5,5906.0,5905.5,5908.5,5909.0,5909.5,5910.0,5910.5,1,7,2,8,5,2,3,4,3,2
20191128,15:41:28.0,2019-11-28 15:41:28,CA3M,LME,5909.0,0,1745,0.0,5935.5,5935.5,5904.5,0.0,0.0,1.7976931348623157e+308,1.7976931348623157e+308,0.0,5907.5,5907.0,5906.5,5906.0,5905.5,5908.5,5909.0,5909.5,5910.0,5910.5,1,7,2,8,5,1,2,4,3,2
20191128,15:41:28.0,2019-11-28 15:41:28,CA3M,LME,5907.5,0,1746,0.0,5935.5,5935.5,5904.5,0.0,0.0,1.7976931348623157e+308,1.7976931348623157e+308,0.0,5907.0,5906.5,5906.0,5905.5,5905.0,5908.5,5909.0,5909.5,5910.0,5910.5,1,2,7,3,7,2,2,4,3,3
20191128,15:41:50.0,2019-11-28 15:41:50,CA3M,LME,5907.5,0,1746,0.0,5935.5,5935.5,5904.5,0.0,0.0,1.7976931348623157e+308,1.7976931348623157e+308,0.0,5907.0,5906.5,5906.0,5905.5,5905.0,5908.0,5908.5,5909.0,5909.5,5910.0,1,2,5,3,7,3,3,2,5,3
20191128,15:41:53.0,2019-11-28 15:41:53,CA3M,LME,5907.0,0,1747,0.0,5935.5,5935.5,5904.5,0.0,0.0,1.7976931348623157e+308,1.7976931348623157e+308,0.0,5906.0,5906.0,5905.5,5905.0,5904.5,5907.0,5907.5,5908.0,5908.5,5909.0,5,5,3,7,3,1,1,3,3,2
20191128,15:41:57.0,2019-11-28 15:41:57,CA3M,LME,5907.0,0,1747,0.0,5935.5,5935.5,5904.5,0.0,0.0,1.7976931348623157e+308,1.7976931348623157e+308,0.0,5905.5,5905.0,5904.5,5904.0,5903.5,5907.5,5908.0,5908.5,5909.0,5909.5,2,6,3,11,3,2,4,4,3,4
20191128,15:41:58.0,2019-11-28 15:41:58,CA3M,LME,5907.0,0,1747,0.0,5935.5,5935.5,5904.5,0.0,0.0,1.7976931348623157e+308,1.7976931348623157e+308,0.0,5906.0,5905.0,5904.5,5904.0,5903.5,5907.5,5908.0,5908.5,5909.0,5909.5,1,11,3,6,3,2,2,3,2,4
20191128,15:42:00.0,2019-11-28 15:42:00,CA3M,LME,5907.0,0,1747,0.0,5935.5,5935.5,5904.5,0.0,0.0,1.7976931348623157e+308,1.7976931348623157e+308,0.0,5906.5,5906.0,5905.5,5905.0,5904.5,5907.5,5908.5,5909.0,5909.5,5910.0,1,7,3,7,3,1,3,2,4,2
20191128,15:42:04.0,2019-11-28 15:42:04,CA3M,LME,5907.0,0,1747,0.0,5935.5,5935.5,5904.5,0.0,0.0,1.7976931348623157e+308,1.7976931348623157e+308,0.0,5907.0,5906.0,5905.5,5905.0,5904.5,5907.5,5908.5,5909.0,5909.5,5910.0,1,6,3,7,3,1,3,2,4,2
20191128,15:42:05.0,2019-11-28 15:42:05,CA3M,LME,5907.0,0,1747,0.0,5935.5,5935.5,5904.5,0.0,0.0,1.7976931348623157e+308,1.7976931348623157e+308,0.0,5907.0,5906.5,5906.0,5905.5,5905.0,5907.5,5908.5,5909.0,5909.5,5910.0,2,1,6,3,7,1,3,2,4,2
20191128,15:42:06.0,2019-11-28 15:42:06,CA3M,LME,5907.5,0,1748,0.0,5935.5,5935.5,5904.5,0.0,0.0,1.7976931348623157e+308,1.7976931348623157e+308,0.0,5907.0,5906.5,5906.0,5905.5,5905.0,5908.5,5909.0,5909.5,5910.0,5910.5,2,2,6,3,7,3,2,4,2,3
20191128,15:42:07.0,2019-11-28 15:42:07,CA3M,LME,5907.5,0,1748,0.0,5935.5,5935.5,5904.5,0.0,0.0,1.7976931348623157e+308,1.7976931348623157e+308,0.0,5907.0,5906.5,5906.0,5905.5,5905.0,5908.5,5909.0,5909.5,5910.0,5910.5,1,2,8,3,4,3,2,3,2,2
20191128,15:42:52.0,2019-11-28 15:42:52,CA3M,LME,5907.5,0,1748,0.0,5935.5,5935.5,5904.5,0.0,0.0,1.7976931348623157e+308,1.7976931348623157e+308,0.0,5907.5,5907.0,5906.5,5906.0,5905.5,5908.5,5909.0,5909.5,5910.0,5910.5,1,1,2,6,3,3,2,3,2,2
20191128,15:42:55.0,2019-11-28 15:42:55,CA3M,LME,5907.5,0,1748,0.0,5935.5,5935.5,5904.5,0.0,0.0,1.7976931348623157e+308,1.7976931348623157e+308,0.0,5907.5,5907.0,5906.5,5906.0,5905.5,5908.5,5909.0,5909.5,5910.0,5910.5,1,2,2,10,5,2,2,3,2,2
20191128,15:42:56.0,2019-11-28 15:42:56,CA3M,LME,5907.5,0,1748,0.0,5935.5,5935.5,5904.5,0.0,0.0,1.7976931348623157e+308,1.7976931348623157e+308,0.0,5907.5,5907.0,5906.5,5906.0,5905.5,5908.5,5909.0,5909.5,5910.0,5910.5,2,2,2,6,5,2,2,3,2,2
20191128,15:43:07.0,2019-11-28 15:43:07,CA3M,LME,5907.5,0,1748,0.0,5935.5,5935.5,5904.5,0.0,0.0,1.7976931348623157e+308,1.7976931348623157e+308,0.0,5907.5,5907.0,5906.5,5906.0,5905.5,5908.5,5909.0,5909.5,5910.0,5910.5,3,2,2,6,3,2,2,3,2,2
20191128,15:43:28.0,2019-11-28 15:43:28,CA3M,LME,5907.5,0,1748,0.0,5935.5,5935.5,5904.5,0.0,0.0,1.7976931348623157e+308,1.7976931348623157e+308,0.0,5907.5,5907.0,5906.5,5906.0,5905.5,5908.5,5909.0,5909.5,5910.0,5910.5,3,6,2,7,5,1,1,3,2,2
20191128,15:43:33.0,2019-11-28 15:43:33,CA3M,LME,5908.5,0,1749,0.0,5935.5,5935.5,5904.5,0.0,0.0,1.7976931348623157e+308,1.7976931348623157e+308,0.0,5908.0,5907.5,5907.0,5906.5,5906.0,5909.0,5909.5,5910.0,5910.5,5911.0,2,3,6,2,7,1,3,2,2,2
20191128,15:43:39.0,2019-11-28 15:43:39,CA3M,LME,5908.5,0,1749,0.0,5935.5,5935.5,5904.5,0.0,0.0,1.7976931348623157e+308,1.7976931348623157e+308,0.0,5908.0,5907.5,5907.0,5906.5,5906.0,5909.0,5909.5,5910.0,5910.5,5911.0,3,2,6,2,7,1,1,2,2,2
20191128,15:43:47.0,2019-11-28 15:43:47,CA3M,LME,5908.5,0,1749,0.0,5935.5,5935.5,5904.5,0.0,0.0,1.7976931348623157e+308,1.7976931348623157e+308,0.0,5908.0,5907.5,5907.0,5906.5,5906.0,5909.0,5909.5,5910.0,5910.5,5911.0,4,1,6,2,7,1,1,2,2,2
20191128,15:43:49.0,2019-11-28 15:43:49,CA3M,LME,5908.5,0,1749,0.0,5935.5,5935.5,5904.5,0.0,0.0,1.7976931348623157e+308,1.7976931348623157e+308,0.0,5908.0,5907.5,5907.0,5906.5,5906.0,5909.0,5909.5,5910.0,5910.5,5911.0,5,1,6,2,7,1,1,2,2,2
20191128,15:43:58.0,2019-11-28 15:43:58,CA3M,LME,5908.5,0,1749,0.0,5935.5,5935.5,5904.5,0.0,0.0,1.7976931348623157e+308,1.7976931348623157e+308,0.0,5908.5,5907.5,5907.0,5906.5,5906.0,5909.0,5909.5,5910.0,5910.5,5911.0,1,1,6,2,7,1,1,2,2,2
20191128,15:43:59.0,2019-11-28 15:43:59,CA3M,LME,5909.0,0,1750,0.0,5935.5,5935.5,5904.5,0.0,0.0,1.7976931348623157e+308,1.7976931348623157e+308,0.0,5908.5,5908.0,5907.5,5907.0,5906.5,5909.5,5910.0,5910.5,5911.0,5911.5,2,6,1,13,2,1,2,2,1,1
20191128,15:43:59.0,2019-11-28 15:43:59,CA3M,LME,5909.5,0,1751,0.0,5935.5,5935.5,5904.5,0.0,0.0,1.7976931348623157e+308,1.7976931348623157e+308,0.0,5908.5,5908.0,5907.5,5907.0,5906.5,5910.0,5910.5,5911.0,5911.5,5912.0,3,5,1,13,2,2,2,1,1,2
20191128,15:44:00.0,2019-11-28 15:44:00,CA3M,LME,5909.5,0,1751,0.0,5935.5,5935.5,5904.5,0.0,0.0,1.7976931348623157e+308,1.7976931348623157e+308,0.0,5908.5,5908.0,5907.5,5907.0,5906.5,5910.0,5910.5,5911.0,5911.5,5912.0,5,4,1,13,2,2,2,1,1,2
20191128,15:44:09.0,2019-11-28 15:44:09,CA3M,LME,5909.5,0,1751,0.0,5935.5,5935.5,5904.5,0.0,0.0,1.7976931348623157e+308,1.7976931348623157e+308,0.0,5908.5,5908.0,5907.5,5907.0,5906.5,5910.0,5910.5,5911.0,5911.5,5912.0,4,8,1,9,2,2,2,1,1,2
20191128,15:44:26.0,2019-11-28 15:44:26,CA3M,LME,5909.5,0,1751,0.0,5935.5,5935.5,5904.5,0.0,0.0,1.7976931348623157e+308,1.7976931348623157e+308,0.0,5908.5,5908.0,5907.5,5907.0,5906.5,5909.5,5910.0,5910.5,5911.0,5911.5,4,3,2,10,2,1,2,2,1,2
20191128,15:44:30.0,2019-11-28 15:44:30,CA3M,LME,5909.5,0,1751,0.0,5935.5,5935.5,5904.5,0.0,0.0,1.7976931348623157e+308,1.7976931348623157e+308,0.0,5908.5,5908.0,5907.5,5907.0,5906.5,5909.5,5910.0,5910.5,5911.0,5911.5,3,7,2,7,2,1,2,2,1,2
20191128,15:44:35.0,2019-11-28 15:44:35,CA3M,LME,5909.5,0,1751,0.0,5935.5,5935.5,5904.5,0.0,0.0,1.7976931348623157e+308,1.7976931348623157e+308,0.0,5908.5,5908.0,5907.5,5907.0,5906.5,5909.5,5910.0,5910.5,5911.0,5911.5,4,7,2,7,2,1,2,2,1,2
20191128,15:44:39.0,2019-11-28 15:44:39,CA3M,LME,5910.0,0,1753,0.0,5935.5,5935.5,5904.5,0.0,0.0,1.7976931348623157e+308,1.7976931348623157e+308,0.0,5908.5,5908.0,5907.5,5907.0,5906.5,5910.0,5910.5,5911.0,5911.5,5912.0,4,7,2,7,2,2,2,1,1,2
20191128,15:44:40.0,2019-11-28 15:44:40,CA3M,LME,5910.0,0,1753,0.0,5935.5,5935.5,5904.5,0.0,0.0,1.7976931348623157e+308,1.7976931348623157e+308,0.0,5908.5,5908.0,5907.5,5907.0,5906.5,5910.5,5911.0,5911.5,5912.0,5912.5,4,7,2,7,2,2,1,1,2,5
20191128,15:44:41.0,2019-11-28 15:44:41,CA3M,LME,5910.0,0,1755,0.0,5935.5,5935.5,5904.5,0.0,0.0,1.7976931348623157e+308,1.7976931348623157e+308,0.0,5908.5,5908.0,5907.5,5907.0,5906.5,5910.0,5910.5,5911.0,5911.5,5912.0,4,7,2,7,2,2,2,1,1,2
20191128,15:45:01.0,2019-11-28 15:45:01,CA3M,LME,5910.0,0,1755,0.0,5935.5,5935.5,5904.5,0.0,0.0,1.7976931348623157e+308,1.7976931348623157e+308,0.0,5908.5,5908.0,5907.5,5907.0,5906.5,5910.0,5910.5,5911.0,5911.5,5912.0,3,6,2,10,2,2,2,1,1,2
20191128,15:45:08.0,2019-11-28 15:45:08,CA3M,LME,5910.0,0,1755,0.0,5935.5,5935.5,5904.5,0.0,0.0,1.7976931348623157e+308,1.7976931348623157e+308,0.0,5908.5,5908.0,5907.5,5907.0,5906.5,5910.0,5910.5,5911.0,5911.5,5912.0,4,6,2,8,2,2,2,1,1,2
20191128,15:45:14.0,2019-11-28 15:45:14,CA3M,LME,5910.0,0,1755,0.0,5935.5,5935.5,5904.5,0.0,0.0,1.7976931348623157e+308,1.7976931348623157e+308,0.0,5908.5,5908.0,5907.5,5907.0,5906.5,5910.0,5910.5,5911.0,5911.5,5912.0,3,6,2,10,2,2,2,1,1,2
20191128,15:45:20.0,2019-11-28 15:45:20,CA3M,LME,5910.0,0,1755,0.0,5935.5,5935.5,5904.5,0.0,0.0,1.7976931348623157e+308,1.7976931348623157e+308,0.0,5908.5,5908.0,5907.5,5907.0,5906.5,5909.5,5910.0,5910.5,5911.0,5911.5,2,1,2,7,2,1,2,2,2,4
20191128,15:45:27.0,2019-11-28 15:45:27,CA3M,LME,5910.0,0,1755,0.0,5935.5,5935.5,5904.5,0.0,0.0,1.7976931348623157e+308,1.7976931348623157e+308,0.0,5908.5,5908.0,5907.5,5907.0,5906.5,5909.5,5910.0,5910.5,5911.0,5911.5,2,1,2,7,2,2,2,2,2,4
20191128,15:45:27.0,2019-11-28 15:45:27,CA3M,LME,5908.5,0,1756,0.0,5935.5,5935.5,5904.5,0.0,0.0,1.7976931348623157e+308,1.7976931348623157e+308,0.0,5908.5,5907.5,5907.0,5906.5,5906.0,5909.5,5910.0,5910.5,5911.0,5911.5,1,3,7,2,12,2,2,2,2,4
20191128,15:45:39.0,2019-11-28 15:45:39,CA3M,LME,5908.5,0,1756,0.0,5935.5,5935.5,5904.5,0.0,0.0,1.7976931348623157e+308,1.7976931348623157e+308,0.0,5908.5,5907.5,5907.0,5906.5,5906.0,5909.0,5910.0,5910.5,5911.0,5911.5,1,3,7,2,12,1,2,2,2,2
20191128,15:45:41.0,2019-11-28 15:45:41,CA3M,LME,5908.5,0,1757,0.0,5935.5,5935.5,5904.5,0.0,0.0,1.7976931348623157e+308,1.7976931348623157e+308,0.0,5907.5,5907.0,5906.5,5906.0,5905.5,5909.0,5909.5,5910.0,5910.5,5911.0,1,7,2,12,5,1,2,2,2,2
20191128,15:45:42.0,2019-11-28 15:45:42,CA3M,LME,5908.5,0,1757,0.0,5935.5,5935.5,5904.5,0.0,0.0,1.7976931348623157e+308,1.7976931348623157e+308,0.0,5907.5,5907.0,5906.5,5906.0,5905.5,5908.5,5909.0,5909.5,5910.0,5910.5,1,2,2,8,5,1,1,3,2,4
20191128,15:46:04.0,2019-11-28 15:46:04,CA3M,LME,5908.5,0,1757,0.0,5935.5,5935.5,5904.5,0.0,0.0,1.7976931348623157e+308,1.7976931348623157e+308,0.0,5907.5,5907.0,5906.5,5906.0,5905.5,5908.5,5909.0,5909.5,5910.0,5910.5,1,2,2,6,3,2,1,4,2,4
