date,time,datetime,symbol,exchange,lastPrice,lastVolume,volume,openInterest,openPrice,highPrice,lowPrice,preClosePrice,preSettlementPrice,upperLimit,lowerLimit,turnover,bidPrice1,bidPrice2,bidPrice3,bidPrice4,bidPrice5,askPrice1,askPrice2,askPrice3,askPrice4,askPrice5,bidVolume1,bidVolume2,bidVolume3,bidVolume4,bidVolume5,askVolume1,askVolume2,askVolume3,askVolume4,askVolume5
20191128,15:10:11.0,2019-11-28 15:10:11,NI3M,LME,14195.0,0,1819,0.0,14355.0,14355.0,14195.0,0.0,0.0,1.7976931348623157e+308,1.7976931348623157e+308,0.0,14210.0,14200.0,14195.0,14190.0,14175.0,14220.0,14230.0,14235.0,14240.0,14245.0,1,1,1,1,2,1,3,2,3,4
20191128,15:10:11.0,2019-11-28 15:10:11,NI3M,LME,14195.0,0,1819,0.0,14355.0,14355.0,14195.0,0.0,0.0,1.7976931348623157e+308,1.7976931348623157e+308,0.0,14210.0,14200.0,14195.0,14190.0,14175.0,14220.0,14230.0,14235.0,14240.0,14245.0,1,1,1,1,2,1,3,2,3,4
20191128,15:10:17.0,2019-11-28 15:10:17,NI3M,LME,14195.0,0,1819,0.0,14355.0,14355.0,14195.0,0.0,0.0,1.7976931348623157e+308,1.7976931348623157e+308,0.0,14200.0,14200.0,14195.0,14190.0,14175.0,14220.0,14230.0,14235.0,14240.0,14245.0,1,1,1,1,2,1,3,2,3,4
20191128,15:10:23.0,2019-11-28 15:10:23,NI3M,LME,14195.0,0,1819,0.0,14355.0,14355.0,14195.0,0.0,0.0,1.7976931348623157e+308,1.7976931348623157e+308,0.0,14205.0,14195.0,14190.0,14175.0,14170.0,14220.0,14230.0,14235.0,14240.0,14245.0,1,1,1,2,1,1,3,2,3,4
20191128,15:10:28.0,2019-11-28 15:10:28,NI3M,LME,14195.0,0,1819,0.0,14355.0,14355.0,14195.0,0.0,0.0,1.7976931348623157e+308,1.7976931348623157e+308,0.0,14200.0,14200.0,14195.0,14190.0,14175.0,14220.0,14230.0,14235.0,14240.0,14245.0,1,1,2,1,2,1,3,2,3,4
20191128,15:10:34.0,2019-11-28 15:10:34,NI3M,LME,14195.0,0,1819,0.0,14355.0,14355.0,14195.0,0.0,0.0,1.7976931348623157e+308,1.7976931348623157e+308,0.0,14205.0,14200.0,14195.0,14190.0,14175.0,14220.0,14230.0,14235.0,14240.0,14245.0,1,1,2,1,2,1,3,2,3,4
20191128,15:11:57.0,2019-11-28 15:11:57,NI3M,LME,14195.0,0,1819,0.0,14355.0,14355.0,14195.0,0.0,0.0,1.7976931348623157e+308,1.7976931348623157e+308,0.0,14200.0,14200.0,14195.0,14190.0,14175.0,14220.0,14230.0,14235.0,14240.0,14245.0,1,1,2,1,2,1,3,2,4,3
20191128,15:12:01.0,2019-11-28 15:12:01,NI3M,LME,14195.0,0,1819,0.0,14355.0,14355.0,14195.0,0.0,0.0,1.7976931348623157e+308,1.7976931348623157e+308,0.0,14200.0,14195.0,14190.0,14175.0,14170.0,14215.0,14230.0,14235.0,14240.0,14245.0,1,2,1,2,1,1,3,2,4,3
20191128,15:12:05.0,2019-11-28 15:12:05,NI3M,LME,14200.0,0,1820,0.0,14355.0,14355.0,14195.0,0.0,0.0,1.7976931348623157e+308,1.7976931348623157e+308,0.0,14195.0,14190.0,14175.0,14170.0,14165.0,14210.0,14215.0,14220.0,14230.0,14235.0,2,1,2,1,4,1,1,1,3,2
20191128,15:12:09.0,2019-11-28 15:12:09,NI3M,LME,14200.0,0,1820,0.0,14355.0,14355.0,14195.0,0.0,0.0,1.7976931348623157e+308,1.7976931348623157e+308,0.0,14195.0,14190.0,14175.0,14170.0,14165.0,14210.0,14215.0,14220.0,14230.0,14235.0,1,1,2,1,4,1,1,1,3,2
20191128,15:12:16.0,2019-11-28 15:12:16,NI3M,LME,14195.0,0,1821,0.0,14355.0,14355.0,14195.0,0.0,0.0,1.7976931348623157e+308,1.7976931348623157e+308,0.0,14195.0,14190.0,14175.0,14170.0,14165.0,14210.0,14215.0,14220.0,14230.0,14235.0,1,1,2,2,4,1,1,1,3,2
20191128,15:12:20.0,2019-11-28 15:12:20,NI3M,LME,14195.0,0,1822,0.0,14355.0,14355.0,14195.0,0.0,0.0,1.7976931348623157e+308,1.7976931348623157e+308,0.0,14195.0,14190.0,14175.0,14170.0,14165.0,14210.0,14215.0,14220.0,14230.0,14235.0,1,1,2,2,4,1,1,1,3,2
20191128,15:12:23.0,2019-11-28 15:12:23,NI3M,LME,14195.0,0,1822,0.0,14355.0,14355.0,14195.0,0.0,0.0,1.7976931348623157e+308,1.7976931348623157e+308,0.0,14200.0,14195.0,14190.0,14175.0,14170.0,14210.0,14215.0,14220.0,14230.0,14235.0,1,1,2,2,2,1,1,1,3,2
20191128,15:12:27.0,2019-11-28 15:12:27,NI3M,LME,14200.0,0,1823,0.0,14355.0,14355.0,14195.0,0.0,0.0,1.7976931348623157e+308,1.7976931348623157e+308,0.0,14200.0,14195.0,14190.0,14175.0,14170.0,14210.0,14215.0,14220.0,14230.0,14235.0,1,1,2,2,2,1,1,1,3,2
20191128,15:12:36.0,2019-11-28 15:12:36,NI3M,LME,14200.0,0,1823,0.0,14355.0,14355.0,14195.0,0.0,0.0,1.7976931348623157e+308,1.7976931348623157e+308,0.0,14200.0,14190.0,14175.0,14170.0,14165.0,14210.0,14215.0,14220.0,14230.0,14235.0,1,2,2,2,4,1,1,1,3,2
20191128,15:12:48.0,2019-11-28 15:12:48,NI3M,LME,14200.0,0,1823,0.0,14355.0,14355.0,14195.0,0.0,0.0,1.7976931348623157e+308,1.7976931348623157e+308,0.0,14195.0,14190.0,14175.0,14170.0,14165.0,14210.0,14215.0,14220.0,14230.0,14235.0,1,2,2,2,4,1,1,1,3,2
20191128,15:13:05.0,2019-11-28 15:13:05,NI3M,LME,14200.0,0,1823,0.0,14355.0,14355.0,14195.0,0.0,0.0,1.7976931348623157e+308,1.7976931348623157e+308,0.0,14200.0,14190.0,14175.0,14170.0,14165.0,14210.0,14215.0,14220.0,14230.0,14235.0,1,2,2,2,4,1,1,1,3,2
20191128,15:13:33.0,2019-11-28 15:13:33,NI3M,LME,14200.0,0,1823,0.0,14355.0,14355.0,14195.0,0.0,0.0,1.7976931348623157e+308,1.7976931348623157e+308,0.0,14195.0,14195.0,14190.0,14175.0,14170.0,14210.0,14215.0,14220.0,14230.0,14235.0,1,1,2,2,2,1,1,1,3,2
20191128,15:13:49.0,2019-11-28 15:13:49,NI3M,LME,14200.0,0,1823,0.0,14355.0,14355.0,14195.0,0.0,0.0,1.7976931348623157e+308,1.7976931348623157e+308,0.0,14200.0,14190.0,14175.0,14170.0,14165.0,14210.0,14215.0,14220.0,14230.0,14235.0,1,2,2,2,4,1,1,1,3,2
20191128,15:13:50.0,2019-11-28 15:13:50,NI3M,LME,14200.0,0,1823,0.0,14355.0,14355.0,14195.0,0.0,0.0,1.7976931348623157e+308,1.7976931348623157e+308,0.0,14200.0,14190.0,14175.0,14170.0,14165.0,14210.0,14215.0,14220.0,14230.0,14235.0,3,2,2,2,4,1,1,1,3,2
20191128,15:14:03.0,2019-11-28 15:14:03,NI3M,LME,14200.0,0,1823,0.0,14355.0,14355.0,14195.0,0.0,0.0,1.7976931348623157e+308,1.7976931348623157e+308,0.0,14200.0,14190.0,14175.0,14170.0,14165.0,14220.0,14230.0,14235.0,14240.0,14245.0,3,2,2,2,4,1,3,2,2,3
20191128,15:15:07.0,2019-11-28 15:15:07,NI3M,LME,14200.0,0,1823,0.0,14355.0,14355.0,14195.0,0.0,0.0,1.7976931348623157e+308,1.7976931348623157e+308,0.0,14205.0,14190.0,14175.0,14170.0,14165.0,14220.0,14230.0,14235.0,14240.0,14245.0,1,2,2,1,4,1,2,2,4,3
20191128,15:16:16.0,2019-11-28 15:16:16,NI3M,LME,14200.0,0,1823,0.0,14355.0,14355.0,14195.0,0.0,0.0,1.7976931348623157e+308,1.7976931348623157e+308,0.0,14215.0,14200.0,14190.0,14175.0,14170.0,14220.0,14230.0,14235.0,14240.0,14245.0,1,3,2,2,1,1,2,2,4,3
20191128,15:17:00.0,2019-11-28 15:17:00,NI3M,LME,14215.0,0,1824,0.0,14355.0,14355.0,14195.0,0.0,0.0,1.7976931348623157e+308,1.7976931348623157e+308,0.0,14200.0,14195.0,14190.0,14175.0,14170.0,14215.0,14220.0,14230.0,14235.0,14240.0,3,1,2,2,1,1,1,2,2,4
20191128,15:17:02.0,2019-11-28 15:17:02,NI3M,LME,14215.0,0,1824,0.0,14355.0,14355.0,14195.0,0.0,0.0,1.7976931348623157e+308,1.7976931348623157e+308,0.0,14200.0,14195.0,14190.0,14175.0,14170.0,14220.0,14220.0,14230.0,14235.0,14240.0,3,1,2,2,1,1,1,2,2,4
20191128,15:17:07.0,2019-11-28 15:17:07,NI3M,LME,14200.0,0,1825,0.0,14355.0,14355.0,14195.0,0.0,0.0,1.7976931348623157e+308,1.7976931348623157e+308,0.0,14200.0,14195.0,14190.0,14175.0,14170.0,14220.0,14230.0,14235.0,14240.0,14245.0,3,1,2,2,1,1,2,2,4,3
20191128,15:17:12.0,2019-11-28 15:17:12,NI3M,LME,14200.0,0,1825,0.0,14355.0,14355.0,14195.0,0.0,0.0,1.7976931348623157e+308,1.7976931348623157e+308,0.0,14205.0,14195.0,14190.0,14175.0,14170.0,14220.0,14230.0,14235.0,14240.0,14245.0,1,1,2,2,1,1,2,2,4,3
20191128,15:18:48.0,2019-11-28 15:18:48,NI3M,LME,14200.0,0,1825,0.0,14355.0,14355.0,14195.0,0.0,0.0,1.7976931348623157e+308,1.7976931348623157e+308,0.0,14200.0,14200.0,14195.0,14190.0,14180.0,14220.0,14230.0,14235.0,14240.0,14245.0,2,2,2,2,1,1,2,2,4,3
20191128,15:18:58.0,2019-11-28 15:18:58,NI3M,LME,14200.0,0,1825,0.0,14355.0,14355.0,14195.0,0.0,0.0,1.7976931348623157e+308,1.7976931348623157e+308,0.0,14205.0,14195.0,14190.0,14180.0,14175.0,14220.0,14230.0,14235.0,14240.0,14245.0,1,2,2,1,2,1,2,2,4,3
20191128,15:19:07.0,2019-11-28 15:19:07,NI3M,LME,14200.0,0,1825,0.0,14355.0,14355.0,14195.0,0.0,0.0,1.7976931348623157e+308,1.7976931348623157e+308,0.0,14200.0,14200.0,14195.0,14190.0,14180.0,14220.0,14230.0,14235.0,14240.0,14245.0,2,2,2,2,1,1,2,2,4,3
20191128,15:19:13.0,2019-11-28 15:19:13,NI3M,LME,14200.0,0,1825,0.0,14355.0,14355.0,14195.0,0.0,0.0,1.7976931348623157e+308,1.7976931348623157e+308,0.0,14205.0,14195.0,14190.0,14180.0,14175.0,14220.0,14230.0,14235.0,14240.0,14245.0,1,2,2,1,2,1,2,2,4,3
20191128,15:19:38.0,2019-11-28 15:19:38,NI3M,LME,14200.0,0,1825,0.0,14355.0,14355.0,14195.0,0.0,0.0,1.7976931348623157e+308,1.7976931348623157e+308,0.0,14200.0,14200.0,14195.0,14190.0,14180.0,14220.0,14230.0,14235.0,14240.0,14245.0,2,2,2,2,1,1,2,2,4,3
20191128,15:20:04.0,2019-11-28 15:20:04,NI3M,LME,14200.0,0,1825,0.0,14355.0,14355.0,14195.0,0.0,0.0,1.7976931348623157e+308,1.7976931348623157e+308,0.0,14200.0,14195.0,14190.0,14180.0,14175.0,14220.0,14230.0,14235.0,14240.0,14245.0,2,2,2,1,2,2,2,2,4,3
20191128,15:21:04.0,2019-11-28 15:21:04,NI3M,LME,14200.0,0,1825,0.0,14355.0,14355.0,14195.0,0.0,0.0,1.7976931348623157e+308,1.7976931348623157e+308,0.0,14205.0,14195.0,14190.0,14180.0,14175.0,14220.0,14230.0,14235.0,14240.0,14245.0,1,2,2,1,2,2,2,2,4,3
20191128,15:21:32.0,2019-11-28 15:21:32,NI3M,LME,14200.0,0,1825,0.0,14355.0,14355.0,14195.0,0.0,0.0,1.7976931348623157e+308,1.7976931348623157e+308,0.0,14200.0,14200.0,14195.0,14190.0,14180.0,14220.0,14230.0,14235.0,14240.0,14245.0,2,2,2,2,1,2,2,2,4,3
20191128,15:21:36.0,2019-11-28 15:21:36,NI3M,LME,14200.0,0,1825,0.0,14355.0,14355.0,14195.0,0.0,0.0,1.7976931348623157e+308,1.7976931348623157e+308,0.0,14200.0,14195.0,14190.0,14180.0,14175.0,14215.0,14230.0,14235.0,14240.0,14245.0,2,2,2,1,2,1,2,2,4,3
20191128,15:21:43.0,2019-11-28 15:21:43,NI3M,LME,14200.0,0,1825,0.0,14355.0,14355.0,14195.0,0.0,0.0,1.7976931348623157e+308,1.7976931348623157e+308,0.0,14205.0,14195.0,14190.0,14180.0,14170.0,14210.0,14220.0,14230.0,14235.0,14240.0,1,2,2,1,3,2,1,2,2,4
20191128,15:21:43.0,2019-11-28 15:21:43,NI3M,LME,14210.0,0,1826,0.0,14355.0,14355.0,14195.0,0.0,0.0,1.7976931348623157e+308,1.7976931348623157e+308,0.0,14205.0,14200.0,14195.0,14190.0,14180.0,14220.0,14230.0,14235.0,14240.0,14245.0,1,2,2,2,1,1,3,2,4,3
20191128,15:21:52.0,2019-11-28 15:21:52,NI3M,LME,14210.0,0,1826,0.0,14355.0,14355.0,14195.0,0.0,0.0,1.7976931348623157e+308,1.7976931348623157e+308,0.0,14200.0,14200.0,14195.0,14190.0,14180.0,14220.0,14230.0,14235.0,14240.0,14245.0,2,2,2,2,1,1,3,2,4,3
20191128,15:22:29.0,2019-11-28 15:22:29,NI3M,LME,14210.0,0,1826,0.0,14355.0,14355.0,14195.0,0.0,0.0,1.7976931348623157e+308,1.7976931348623157e+308,0.0,14200.0,14195.0,14190.0,14180.0,14170.0,14220.0,14230.0,14235.0,14240.0,14245.0,3,1,2,1,3,1,3,3,3,3
20191128,15:22:32.0,2019-11-28 15:22:32,NI3M,LME,14210.0,0,1826,0.0,14355.0,14355.0,14195.0,0.0,0.0,1.7976931348623157e+308,1.7976931348623157e+308,0.0,14200.0,14195.0,14190.0,14180.0,14170.0,14220.0,14230.0,14235.0,14240.0,14245.0,2,1,2,1,3,1,3,3,3,3
20191128,15:22:35.0,2019-11-28 15:22:35,NI3M,LME,14210.0,0,1826,0.0,14355.0,14355.0,14195.0,0.0,0.0,1.7976931348623157e+308,1.7976931348623157e+308,0.0,14205.0,14200.0,14195.0,14190.0,14180.0,14220.0,14230.0,14235.0,14240.0,14245.0,1,2,1,2,1,1,3,3,3,3
20191128,15:22:44.0,2019-11-28 15:22:44,NI3M,LME,14210.0,0,1826,0.0,14355.0,14355.0,14195.0,0.0,0.0,1.7976931348623157e+308,1.7976931348623157e+308,0.0,14200.0,14200.0,14195.0,14190.0,14180.0,14220.0,14230.0,14235.0,14240.0,14245.0,3,2,1,2,1,1,3,3,3,3
20191128,15:22:47.0,2019-11-28 15:22:47,NI3M,LME,14210.0,0,1826,0.0,14355.0,14355.0,14195.0,0.0,0.0,1.7976931348623157e+308,1.7976931348623157e+308,0.0,14205.0,14195.0,14190.0,14180.0,14170.0,14220.0,14230.0,14235.0,14240.0,14245.0,1,1,2,1,3,1,3,3,3,3
20191128,15:22:51.0,2019-11-28 15:22:51,NI3M,LME,14210.0,0,1826,0.0,14355.0,14355.0,14195.0,0.0,0.0,1.7976931348623157e+308,1.7976931348623157e+308,0.0,14205.0,14200.0,14195.0,14190.0,14180.0,14220.0,14230.0,14235.0,14240.0,14245.0,2,3,1,2,1,1,3,3,3,3
20191128,15:22:59.0,2019-11-28 15:22:59,NI3M,LME,14210.0,0,1826,0.0,14355.0,14355.0,14195.0,0.0,0.0,1.7976931348623157e+308,1.7976931348623157e+308,0.0,14205.0,14200.0,14195.0,14190.0,14180.0,14220.0,14230.0,14235.0,14240.0,14245.0,1,2,1,2,1,1,3,3,3,3
20191128,15:23:47.0,2019-11-28 15:23:47,NI3M,LME,14210.0,0,1826,0.0,14355.0,14355.0,14195.0,0.0,0.0,1.7976931348623157e+308,1.7976931348623157e+308,0.0,14205.0,14200.0,14195.0,14190.0,14180.0,14220.0,14230.0,14235.0,14240.0,14245.0,2,3,1,2,1,1,3,3,4,3
20191128,15:23:48.0,2019-11-28 15:23:48,NI3M,LME,14210.0,0,1826,0.0,14355.0,14355.0,14195.0,0.0,0.0,1.7976931348623157e+308,1.7976931348623157e+308,0.0,14205.0,14200.0,14195.0,14190.0,14180.0,14220.0,14230.0,14235.0,14240.0,14245.0,1,3,1,2,1,1,3,3,4,3
20191128,15:23:49.0,2019-11-28 15:23:49,NI3M,LME,14210.0,0,1826,0.0,14355.0,14355.0,14195.0,0.0,0.0,1.7976931348623157e+308,1.7976931348623157e+308,0.0,14205.0,14200.0,14195.0,14190.0,14180.0,14220.0,14230.0,14235.0,14240.0,14245.0,1,3,1,2,1,1,3,3,4,3
20191128,15:23:58.0,2019-11-28 15:23:58,NI3M,LME,14210.0,0,1826,0.0,14355.0,14355.0,14195.0,0.0,0.0,1.7976931348623157e+308,1.7976931348623157e+308,0.0,14200.0,14195.0,14190.0,14180.0,14170.0,14220.0,14230.0,14235.0,14240.0,14245.0,3,1,2,1,3,1,3,3,4,3
20191128,15:24:02.0,2019-11-28 15:24:02,NI3M,LME,14200.0,0,1827,0.0,14355.0,14355.0,14195.0,0.0,0.0,1.7976931348623157e+308,1.7976931348623157e+308,0.0,14200.0,14195.0,14190.0,14180.0,14170.0,14220.0,14230.0,14235.0,14240.0,14245.0,3,1,2,1,3,1,3,3,4,3
20191128,15:24:20.0,2019-11-28 15:24:20,NI3M,LME,14200.0,0,1827,0.0,14355.0,14355.0,14195.0,0.0,0.0,1.7976931348623157e+308,1.7976931348623157e+308,0.0,14205.0,14200.0,14195.0,14190.0,14180.0,14220.0,14225.0,14230.0,14235.0,14240.0,1,1,1,2,1,1,1,3,3,3
20191128,15:24:48.0,2019-11-28 15:24:48,NI3M,LME,14200.0,0,1827,0.0,14355.0,14355.0,14195.0,0.0,0.0,1.7976931348623157e+308,1.7976931348623157e+308,0.0,14200.0,14195.0,14190.0,14180.0,14170.0,14220.0,14225.0,14230.0,14235.0,14240.0,2,1,2,1,3,1,1,3,3,3
20191128,15:24:57.0,2019-11-28 15:24:57,NI3M,LME,14200.0,0,1827,0.0,14355.0,14355.0,14195.0,0.0,0.0,1.7976931348623157e+308,1.7976931348623157e+308,0.0,14200.0,14195.0,14190.0,14180.0,14170.0,14220.0,14225.0,14230.0,14235.0,14240.0,2,1,2,1,3,2,1,3,3,3
20191128,15:24:58.0,2019-11-28 15:24:58,NI3M,LME,14200.0,0,1827,0.0,14355.0,14355.0,14195.0,0.0,0.0,1.7976931348623157e+308,1.7976931348623157e+308,0.0,14205.0,14195.0,14190.0,14180.0,14170.0,14220.0,14225.0,14230.0,14235.0,14240.0,1,1,2,1,3,1,1,3,3,3
20191128,15:24:59.0,2019-11-28 15:24:59,NI3M,LME,14200.0,0,1827,0.0,14355.0,14355.0,14195.0,0.0,0.0,1.7976931348623157e+308,1.7976931348623157e+308,0.0,14200.0,14200.0,14195.0,14190.0,14180.0,14220.0,14225.0,14230.0,14235.0,14240.0,2,1,1,2,1,1,1,3,3,3
20191128,15:25:00.0,2019-11-28 15:25:00,NI3M,LME,14200.0,0,1827,0.0,14355.0,14355.0,14195.0,0.0,0.0,1.7976931348623157e+308,1.7976931348623157e+308,0.0,14205.0,14200.0,14195.0,14190.0,14180.0,14220.0,14225.0,14230.0,14235.0,14240.0,1,1,1,2,1,1,1,3,3,3
20191128,15:25:01.0,2019-11-28 15:25:01,NI3M,LME,14200.0,0,1827,0.0,14355.0,14355.0,14195.0,0.0,0.0,1.7976931348623157e+308,1.7976931348623157e+308,0.0,14200.0,14200.0,14195.0,14190.0,14180.0,14220.0,14225.0,14230.0,14235.0,14240.0,2,1,1,2,1,1,1,3,3,3
20191128,15:25:15.0,2019-11-28 15:25:15,NI3M,LME,14200.0,0,1827,0.0,14355.0,14355.0,14195.0,0.0,0.0,1.7976931348623157e+308,1.7976931348623157e+308,0.0,14205.0,14195.0,14190.0,14180.0,14170.0,14220.0,14225.0,14230.0,14235.0,14240.0,1,1,2,1,3,1,1,3,3,3
20191128,15:25:21.0,2019-11-28 15:25:21,NI3M,LME,14200.0,0,1827,0.0,14355.0,14355.0,14195.0,0.0,0.0,1.7976931348623157e+308,1.7976931348623157e+308,0.0,14200.0,14200.0,14195.0,14190.0,14180.0,14220.0,14225.0,14230.0,14235.0,14240.0,2,1,1,2,1,1,1,3,3,3
20191128,15:25:36.0,2019-11-28 15:25:36,NI3M,LME,14200.0,0,1827,0.0,14355.0,14355.0,14195.0,0.0,0.0,1.7976931348623157e+308,1.7976931348623157e+308,0.0,14200.0,14195.0,14190.0,14180.0,14170.0,14220.0,14225.0,14230.0,14235.0,14240.0,3,1,2,1,3,1,1,3,3,3
20191128,15:25:46.0,2019-11-28 15:25:46,NI3M,LME,14200.0,0,1827,0.0,14355.0,14355.0,14195.0,0.0,0.0,1.7976931348623157e+308,1.7976931348623157e+308,0.0,14200.0,14195.0,14190.0,14180.0,14170.0,14220.0,14225.0,14230.0,14235.0,14240.0,3,1,2,1,3,2,1,3,3,3
20191128,15:25:48.0,2019-11-28 15:25:48,NI3M,LME,14200.0,0,1827,0.0,14355.0,14355.0,14195.0,0.0,0.0,1.7976931348623157e+308,1.7976931348623157e+308,0.0,14200.0,14195.0,14190.0,14180.0,14170.0,14220.0,14225.0,14230.0,14235.0,14240.0,3,1,2,1,3,1,1,3,3,3
20191128,15:25:56.0,2019-11-28 15:25:56,NI3M,LME,14200.0,0,1827,0.0,14355.0,14355.0,14195.0,0.0,0.0,1.7976931348623157e+308,1.7976931348623157e+308,0.0,14205.0,14200.0,14195.0,14190.0,14180.0,14220.0,14225.0,14230.0,14235.0,14240.0,3,2,1,2,1,1,1,3,3,3
20191128,15:26:08.0,2019-11-28 15:26:08,NI3M,LME,14200.0,0,1827,0.0,14355.0,14355.0,14195.0,0.0,0.0,1.7976931348623157e+308,1.7976931348623157e+308,0.0,14205.0,14200.0,14195.0,14190.0,14180.0,14220.0,14225.0,14230.0,14235.0,14240.0,2,3,1,2,1,1,1,3,3,3
20191128,15:26:09.0,2019-11-28 15:26:09,NI3M,LME,14200.0,0,1827,0.0,14355.0,14355.0,14195.0,0.0,0.0,1.7976931348623157e+308,1.7976931348623157e+308,0.0,14205.0,14200.0,14195.0,14190.0,14180.0,14220.0,14225.0,14230.0,14235.0,14240.0,3,3,1,2,1,1,1,3,3,3
20191128,15:26:11.0,2019-11-28 15:26:11,NI3M,LME,14200.0,0,1827,0.0,14355.0,14355.0,14195.0,0.0,0.0,1.7976931348623157e+308,1.7976931348623157e+308,0.0,14205.0,14200.0,14195.0,14190.0,14180.0,14220.0,14225.0,14230.0,14235.0,14240.0,2,2,1,2,1,1,1,3,3,3
20191128,15:26:15.0,2019-11-28 15:26:15,NI3M,LME,14200.0,0,1827,0.0,14355.0,14355.0,14195.0,0.0,0.0,1.7976931348623157e+308,1.7976931348623157e+308,0.0,14205.0,14200.0,14195.0,14190.0,14180.0,14220.0,14225.0,14230.0,14235.0,14240.0,3,2,1,2,1,2,1,3,3,3
20191128,15:26:16.0,2019-11-28 15:26:16,NI3M,LME,14200.0,0,1827,0.0,14355.0,14355.0,14195.0,0.0,0.0,1.7976931348623157e+308,1.7976931348623157e+308,0.0,14205.0,14200.0,14195.0,14190.0,14180.0,14220.0,14225.0,14230.0,14235.0,14240.0,3,2,1,2,1,2,1,3,2,3
20191128,15:26:21.0,2019-11-28 15:26:21,NI3M,LME,14200.0,0,1827,0.0,14355.0,14355.0,14195.0,0.0,0.0,1.7976931348623157e+308,1.7976931348623157e+308,0.0,14205.0,14200.0,14195.0,14190.0,14180.0,14220.0,14225.0,14230.0,14235.0,14240.0,3,2,1,2,1,2,1,3,3,3
20191128,15:26:22.0,2019-11-28 15:26:22,NI3M,LME,14200.0,0,1827,0.0,14355.0,14355.0,14195.0,0.0,0.0,1.7976931348623157e+308,1.7976931348623157e+308,0.0,14210.0,14200.0,14195.0,14190.0,14180.0,14220.0,14225.0,14230.0,14235.0,14240.0,1,2,1,2,1,1,1,3,3,3
20191128,15:26:23.0,2019-11-28 15:26:23,NI3M,LME,14200.0,0,1827,0.0,14355.0,14355.0,14195.0,0.0,0.0,1.7976931348623157e+308,1.7976931348623157e+308,0.0,14205.0,14205.0,14200.0,14195.0,14190.0,14220.0,14225.0,14230.0,14235.0,14240.0,2,2,2,1,2,1,1,3,3,3
20191128,15:26:24.0,2019-11-28 15:26:24,NI3M,LME,14200.0,0,1827,0.0,14355.0,14355.0,14195.0,0.0,0.0,1.7976931348623157e+308,1.7976931348623157e+308,0.0,14210.0,14205.0,14200.0,14195.0,14190.0,14220.0,14225.0,14230.0,14235.0,14240.0,3,1,4,1,2,1,1,3,3,3
20191128,15:26:33.0,2019-11-28 15:26:33,NI3M,LME,14200.0,0,1827,0.0,14355.0,14355.0,14195.0,0.0,0.0,1.7976931348623157e+308,1.7976931348623157e+308,0.0,14210.0,14205.0,14200.0,14195.0,14190.0,14220.0,14225.0,14230.0,14235.0,14240.0,2,1,2,1,2,1,1,3,3,3
20191128,15:26:37.0,2019-11-28 15:26:37,NI3M,LME,14200.0,0,1827,0.0,14355.0,14355.0,14195.0,0.0,0.0,1.7976931348623157e+308,1.7976931348623157e+308,0.0,14205.0,14205.0,14200.0,14195.0,14190.0,14220.0,14225.0,14230.0,14235.0,14240.0,4,2,2,1,2,1,1,3,3,3
20191128,15:28:47.0,2019-11-28 15:28:47,NI3M,LME,14200.0,0,1827,0.0,14355.0,14355.0,14195.0,0.0,0.0,1.7976931348623157e+308,1.7976931348623157e+308,0.0,14210.0,14200.0,14195.0,14190.0,14180.0,14220.0,14225.0,14230.0,14235.0,14240.0,1,2,1,2,1,1,1,3,2,3
20191128,15:28:48.0,2019-11-28 15:28:48,NI3M,LME,14200.0,0,1827,0.0,14355.0,14355.0,14195.0,0.0,0.0,1.7976931348623157e+308,1.7976931348623157e+308,0.0,14210.0,14205.0,14200.0,14195.0,14190.0,14220.0,14225.0,14230.0,14235.0,14240.0,3,3,2,1,2,1,1,3,2,3
20191128,15:29:07.0,2019-11-28 15:29:07,NI3M,LME,14200.0,0,1827,0.0,14355.0,14355.0,14195.0,0.0,0.0,1.7976931348623157e+308,1.7976931348623157e+308,0.0,14210.0,14205.0,14200.0,14195.0,14190.0,14220.0,14225.0,14230.0,14235.0,14240.0,2,1,2,1,2,1,1,3,2,3
20191128,15:29:10.0,2019-11-28 15:29:10,NI3M,LME,14200.0,0,1827,0.0,14355.0,14355.0,14195.0,0.0,0.0,1.7976931348623157e+308,1.7976931348623157e+308,0.0,14205.0,14205.0,14200.0,14195.0,14190.0,14220.0,14225.0,14230.0,14235.0,14240.0,4,2,2,1,2,1,1,3,2,3
20191128,15:29:21.0,2019-11-28 15:29:21,NI3M,LME,14200.0,0,1827,0.0,14355.0,14355.0,14195.0,0.0,0.0,1.7976931348623157e+308,1.7976931348623157e+308,0.0,14210.0,14200.0,14195.0,14190.0,14180.0,14220.0,14225.0,14230.0,14235.0,14240.0,1,2,1,2,1,1,1,3,2,3
20191128,15:29:25.0,2019-11-28 15:29:25,NI3M,LME,14200.0,0,1827,0.0,14355.0,14355.0,14195.0,0.0,0.0,1.7976931348623157e+308,1.7976931348623157e+308,0.0,14210.0,14205.0,14200.0,14195.0,14190.0,14220.0,14225.0,14230.0,14235.0,14240.0,3,1,2,1,2,1,1,3,2,3
20191128,15:29:57.0,2019-11-28 15:29:57,NI3M,LME,14200.0,0,1827,0.0,14355.0,14355.0,14195.0,0.0,0.0,1.7976931348623157e+308,1.7976931348623157e+308,0.0,14210.0,14205.0,14200.0,14195.0,14190.0,14220.0,14225.0,14230.0,14235.0,14240.0,2,2,2,1,2,1,1,3,2,3
20191128,15:29:58.0,2019-11-28 15:29:58,NI3M,LME,14210.0,0,1828,0.0,14355.0,14355.0,14195.0,0.0,0.0,1.7976931348623157e+308,1.7976931348623157e+308,0.0,14210.0,14205.0,14200.0,14195.0,14190.0,14220.0,14225.0,14230.0,14235.0,14240.0,2,3,2,1,2,1,1,3,2,3
20191128,15:29:59.0,2019-11-28 15:29:59,NI3M,LME,14210.0,0,1828,0.0,14355.0,14355.0,14195.0,0.0,0.0,1.7976931348623157e+308,1.7976931348623157e+308,0.0,14210.0,14205.0,14200.0,14195.0,14190.0,14220.0,14225.0,14230.0,14235.0,14240.0,1,3,2,1,2,1,1,3,2,3
20191128,15:30:02.0,2019-11-28 15:30:02,NI3M,LME,14210.0,0,1828,0.0,14355.0,14355.0,14195.0,0.0,0.0,1.7976931348623157e+308,1.7976931348623157e+308,0.0,14205.0,14205.0,14200.0,14195.0,14190.0,14220.0,14225.0,14230.0,14235.0,14240.0,4,3,2,1,2,1,1,3,2,3
20191128,15:30:28.0,2019-11-28 15:30:28,NI3M,LME,14210.0,0,1828,0.0,14355.0,14355.0,14195.0,0.0,0.0,1.7976931348623157e+308,1.7976931348623157e+308,0.0,14205.0,14200.0,14195.0,14190.0,14180.0,14220.0,14225.0,14230.0,14235.0,14240.0,4,2,1,2,1,2,1,3,2,3
20191128,15:30:48.0,2019-11-28 15:30:48,NI3M,LME,14210.0,0,1828,0.0,14355.0,14355.0,14195.0,0.0,0.0,1.7976931348623157e+308,1.7976931348623157e+308,0.0,14205.0,14200.0,14195.0,14190.0,14180.0,14220.0,14225.0,14230.0,14235.0,14240.0,4,2,1,2,1,1,1,3,1,3
20191128,15:30:54.0,2019-11-28 15:30:54,NI3M,LME,14210.0,0,1828,0.0,14355.0,14355.0,14195.0,0.0,0.0,1.7976931348623157e+308,1.7976931348623157e+308,0.0,14210.0,14205.0,14200.0,14195.0,14190.0,14220.0,14225.0,14230.0,14235.0,14240.0,1,3,2,1,2,1,1,3,2,3
20191128,15:30:55.0,2019-11-28 15:30:55,NI3M,LME,14210.0,0,1828,0.0,14355.0,14355.0,14195.0,0.0,0.0,1.7976931348623157e+308,1.7976931348623157e+308,0.0,14210.0,14205.0,14200.0,14195.0,14190.0,14220.0,14225.0,14230.0,14235.0,14240.0,2,3,2,1,2,1,1,3,2,3
20191128,15:30:57.0,2019-11-28 15:30:57,NI3M,LME,14210.0,0,1828,0.0,14355.0,14355.0,14195.0,0.0,0.0,1.7976931348623157e+308,1.7976931348623157e+308,0.0,14210.0,14205.0,14200.0,14195.0,14190.0,14220.0,14225.0,14230.0,14235.0,14240.0,2,2,2,1,2,2,1,3,2,3
20191128,15:30:58.0,2019-11-28 15:30:58,NI3M,LME,14210.0,0,1828,0.0,14355.0,14355.0,14195.0,0.0,0.0,1.7976931348623157e+308,1.7976931348623157e+308,0.0,14205.0,14200.0,14195.0,14190.0,14180.0,14220.0,14225.0,14230.0,14235.0,14240.0,4,2,1,2,1,2,1,3,1,3
20191128,15:31:02.0,2019-11-28 15:31:02,NI3M,LME,14210.0,0,1828,0.0,14355.0,14355.0,14195.0,0.0,0.0,1.7976931348623157e+308,1.7976931348623157e+308,0.0,14210.0,14200.0,14195.0,14190.0,14180.0,14220.0,14225.0,14230.0,14235.0,14240.0,1,2,1,2,1,2,1,3,1,3
20191128,15:31:07.0,2019-11-28 15:31:07,NI3M,LME,14210.0,0,1828,0.0,14355.0,14355.0,14195.0,0.0,0.0,1.7976931348623157e+308,1.7976931348623157e+308,0.0,14210.0,14205.0,14200.0,14195.0,14190.0,14220.0,14225.0,14230.0,14235.0,14240.0,2,3,2,1,2,2,1,3,1,3
20191128,15:32:05.0,2019-11-28 15:32:05,NI3M,LME,14210.0,0,1828,0.0,14355.0,14355.0,14195.0,0.0,0.0,1.7976931348623157e+308,1.7976931348623157e+308,0.0,14210.0,14205.0,14200.0,14195.0,14190.0,14220.0,14225.0,14230.0,14235.0,14240.0,1,3,2,1,2,2,1,3,1,3
20191128,15:32:06.0,2019-11-28 15:32:06,NI3M,LME,14210.0,0,1828,0.0,14355.0,14355.0,14195.0,0.0,0.0,1.7976931348623157e+308,1.7976931348623157e+308,0.0,14210.0,14205.0,14200.0,14195.0,14190.0,14220.0,14225.0,14230.0,14235.0,14240.0,1,3,2,1,2,2,1,3,1,3
20191128,15:32:08.0,2019-11-28 15:32:08,NI3M,LME,14210.0,0,1828,0.0,14355.0,14355.0,14195.0,0.0,0.0,1.7976931348623157e+308,1.7976931348623157e+308,0.0,14205.0,14205.0,14200.0,14195.0,14190.0,14220.0,14225.0,14230.0,14235.0,14240.0,4,3,2,1,2,2,1,3,1,3
20191128,15:32:28.0,2019-11-28 15:32:28,NI3M,LME,14210.0,0,1828,0.0,14355.0,14355.0,14195.0,0.0,0.0,1.7976931348623157e+308,1.7976931348623157e+308,0.0,14205.0,14200.0,14195.0,14190.0,14180.0,14220.0,14225.0,14230.0,14235.0,14240.0,5,2,1,2,1,2,1,3,1,3
20191128,15:32:59.0,2019-11-28 15:32:59,NI3M,LME,14210.0,0,1828,0.0,14355.0,14355.0,14195.0,0.0,0.0,1.7976931348623157e+308,1.7976931348623157e+308,0.0,14210.0,14200.0,14195.0,14190.0,14180.0,14220.0,14225.0,14230.0,14235.0,14240.0,1,2,1,2,1,2,1,3,1,3
20191128,15:33:00.0,2019-11-28 15:33:00,NI3M,LME,14210.0,0,1828,0.0,14355.0,14355.0,14195.0,0.0,0.0,1.7976931348623157e+308,1.7976931348623157e+308,0.0,14205.0,14200.0,14195.0,14190.0,14180.0,14220.0,14225.0,14230.0,14235.0,14240.0,5,2,1,2,1,2,1,3,1,3
20191128,15:33:04.0,2019-11-28 15:33:04,NI3M,LME,14210.0,0,1828,0.0,14355.0,14355.0,14195.0,0.0,0.0,1.7976931348623157e+308,1.7976931348623157e+308,0.0,14215.0,14200.0,14195.0,14190.0,14180.0,14220.0,14225.0,14230.0,14235.0,14240.0,1,2,1,2,1,2,1,3,1,3
20191128,15:33:05.0,2019-11-28 15:33:05,NI3M,LME,14210.0,0,1828,0.0,14355.0,14355.0,14195.0,0.0,0.0,1.7976931348623157e+308,1.7976931348623157e+308,0.0,14215.0,14210.0,14205.0,14200.0,14195.0,14220.0,14225.0,14230.0,14235.0,14240.0,1,1,4,2,1,1,1,3,1,3
20191128,15:33:16.0,2019-11-28 15:33:16,NI3M,LME,14220.0,0,1829,0.0,14355.0,14355.0,14195.0,0.0,0.0,1.7976931348623157e+308,1.7976931348623157e+308,0.0,14215.0,14210.0,14205.0,14200.0,14195.0,14225.0,14225.0,14230.0,14235.0,14240.0,4,2,2,2,1,1,1,3,1,3
20191128,15:33:17.0,2019-11-28 15:33:17,NI3M,LME,14230.0,0,1830,0.0,14355.0,14355.0,14195.0,0.0,0.0,1.7976931348623157e+308,1.7976931348623157e+308,0.0,14220.0,14215.0,14210.0,14205.0,14200.0,14235.0,14240.0,14245.0,14250.0,14255.0,1,3,2,2,2,2,3,1,1,2
20191128,15:33:18.0,2019-11-28 15:33:18,NI3M,LME,14230.0,0,1830,0.0,14355.0,14355.0,14195.0,0.0,0.0,1.7976931348623157e+308,1.7976931348623157e+308,0.0,14220.0,14215.0,14210.0,14205.0,14200.0,14235.0,14240.0,14245.0,14250.0,14255.0,2,3,1,1,2,2,3,1,1,2
20191128,15:33:29.0,2019-11-28 15:33:29,NI3M,LME,14230.0,0,1830,0.0,14355.0,14355.0,14195.0,0.0,0.0,1.7976931348623157e+308,1.7976931348623157e+308,0.0,14220.0,14215.0,14210.0,14205.0,14200.0,14235.0,14240.0,14245.0,14250.0,14255.0,4,1,1,1,2,2,3,1,1,2
20191128,15:33:55.0,2019-11-28 15:33:55,NI3M,LME,14230.0,0,1830,0.0,14355.0,14355.0,14195.0,0.0,0.0,1.7976931348623157e+308,1.7976931348623157e+308,0.0,14220.0,14215.0,14210.0,14205.0,14200.0,14235.0,14240.0,14245.0,14250.0,14255.0,5,2,1,1,2,2,3,1,1,2
20191128,15:33:57.0,2019-11-28 15:33:57,NI3M,LME,14230.0,0,1830,0.0,14355.0,14355.0,14195.0,0.0,0.0,1.7976931348623157e+308,1.7976931348623157e+308,0.0,14220.0,14215.0,14210.0,14205.0,14200.0,14235.0,14240.0,14245.0,14250.0,14255.0,5,2,1,1,2,1,3,1,1,2
20191128,15:34:10.0,2019-11-28 15:34:10,NI3M,LME,14230.0,0,1830,0.0,14355.0,14355.0,14195.0,0.0,0.0,1.7976931348623157e+308,1.7976931348623157e+308,0.0,14220.0,14215.0,14210.0,14205.0,14200.0,14235.0,14240.0,14245.0,14250.0,14255.0,6,2,1,1,2,1,2,2,1,2
20191128,15:34:16.0,2019-11-28 15:34:16,NI3M,LME,14230.0,0,1830,0.0,14355.0,14355.0,14195.0,0.0,0.0,1.7976931348623157e+308,1.7976931348623157e+308,0.0,14220.0,14215.0,14210.0,14205.0,14200.0,14235.0,14240.0,14245.0,14250.0,14255.0,5,2,1,1,2,1,2,2,1,2
20191128,15:34:22.0,2019-11-28 15:34:22,NI3M,LME,14230.0,0,1830,0.0,14355.0,14355.0,14195.0,0.0,0.0,1.7976931348623157e+308,1.7976931348623157e+308,0.0,14220.0,14215.0,14210.0,14205.0,14200.0,14235.0,14240.0,14245.0,14250.0,14255.0,6,1,1,1,2,1,2,2,1,2
20191128,15:34:25.0,2019-11-28 15:34:25,NI3M,LME,14230.0,0,1830,0.0,14355.0,14355.0,14195.0,0.0,0.0,1.7976931348623157e+308,1.7976931348623157e+308,0.0,14220.0,14215.0,14210.0,14205.0,14200.0,14235.0,14240.0,14245.0,14250.0,14255.0,5,1,1,1,2,1,2,2,1,2
20191128,15:34:28.0,2019-11-28 15:34:28,NI3M,LME,14230.0,0,1830,0.0,14355.0,14355.0,14195.0,0.0,0.0,1.7976931348623157e+308,1.7976931348623157e+308,0.0,14220.0,14215.0,14210.0,14205.0,14200.0,14235.0,14240.0,14245.0,14250.0,14255.0,6,2,1,1,2,1,2,2,1,2
20191128,15:34:41.0,2019-11-28 15:34:41,NI3M,LME,14230.0,0,1830,0.0,14355.0,14355.0,14195.0,0.0,0.0,1.7976931348623157e+308,1.7976931348623157e+308,0.0,14220.0,14215.0,14210.0,14205.0,14200.0,14235.0,14240.0,14245.0,14250.0,14255.0,5,1,1,1,2,1,2,2,1,2
20191128,15:35:29.0,2019-11-28 15:35:29,NI3M,LME,14230.0,0,1830,0.0,14355.0,14355.0,14195.0,0.0,0.0,1.7976931348623157e+308,1.7976931348623157e+308,0.0,14220.0,14215.0,14210.0,14205.0,14200.0,14235.0,14240.0,14245.0,14250.0,14255.0,5,1,1,1,2,6,2,2,1,2
20191128,15:36:04.0,2019-11-28 15:36:04,NI3M,LME,14230.0,0,1830,0.0,14355.0,14355.0,14195.0,0.0,0.0,1.7976931348623157e+308,1.7976931348623157e+308,0.0,14220.0,14215.0,14210.0,14205.0,14200.0,14235.0,14240.0,14245.0,14255.0,14260.0,5,1,1,1,2,7,3,2,2,2
20191128,15:36:07.0,2019-11-28 15:36:07,NI3M,LME,14230.0,0,1830,0.0,14355.0,14355.0,14195.0,0.0,0.0,1.7976931348623157e+308,1.7976931348623157e+308,0.0,14220.0,14215.0,14210.0,14205.0,14200.0,14235.0,14240.0,14245.0,14255.0,14260.0,4,1,1,1,2,7,3,2,2,2
20191128,15:36:08.0,2019-11-28 15:36:08,NI3M,LME,14220.0,0,1834,0.0,14355.0,14355.0,14195.0,0.0,0.0,1.7976931348623157e+308,1.7976931348623157e+308,0.0,14215.0,14210.0,14205.0,14200.0,14195.0,14225.0,14230.0,14235.0,14240.0,14245.0,1,1,1,2,1,2,1,7,3,2
20191128,15:36:12.0,2019-11-28 15:36:12,NI3M,LME,14220.0,0,1834,0.0,14355.0,14355.0,14195.0,0.0,0.0,1.7976931348623157e+308,1.7976931348623157e+308,0.0,14215.0,14210.0,14205.0,14200.0,14195.0,14225.0,14230.0,14235.0,14240.0,14245.0,3,1,1,2,1,1,1,7,3,2
20191128,15:36:13.0,2019-11-28 15:36:13,NI3M,LME,14220.0,0,1834,0.0,14355.0,14355.0,14195.0,0.0,0.0,1.7976931348623157e+308,1.7976931348623157e+308,0.0,14220.0,14215.0,14210.0,14205.0,14200.0,14230.0,14235.0,14240.0,14245.0,14255.0,1,3,1,2,2,1,7,3,2,2
20191128,15:36:17.0,2019-11-28 15:36:17,NI3M,LME,14220.0,0,1834,0.0,14355.0,14355.0,14195.0,0.0,0.0,1.7976931348623157e+308,1.7976931348623157e+308,0.0,14220.0,14215.0,14210.0,14205.0,14200.0,14230.0,14235.0,14240.0,14245.0,14250.0,3,3,1,1,2,1,6,2,2,1
20191128,15:36:18.0,2019-11-28 15:36:18,NI3M,LME,14220.0,0,1834,0.0,14355.0,14355.0,14195.0,0.0,0.0,1.7976931348623157e+308,1.7976931348623157e+308,0.0,14220.0,14215.0,14210.0,14205.0,14200.0,14230.0,14235.0,14240.0,14245.0,14255.0,4,1,1,1,2,1,7,3,2,2
20191128,15:36:19.0,2019-11-28 15:36:19,NI3M,LME,14220.0,0,1834,0.0,14355.0,14355.0,14195.0,0.0,0.0,1.7976931348623157e+308,1.7976931348623157e+308,0.0,14220.0,14215.0,14210.0,14205.0,14200.0,14230.0,14235.0,14240.0,14245.0,14255.0,4,1,1,1,2,2,7,3,2,2
20191128,15:37:27.0,2019-11-28 15:37:27,NI3M,LME,14220.0,0,1834,0.0,14355.0,14355.0,14195.0,0.0,0.0,1.7976931348623157e+308,1.7976931348623157e+308,0.0,14220.0,14215.0,14205.0,14200.0,14195.0,14230.0,14235.0,14240.0,14245.0,14255.0,4,1,1,2,3,1,7,3,1,2
20191128,15:38:21.0,2019-11-28 15:38:21,NI3M,LME,14220.0,0,1834,0.0,14355.0,14355.0,14195.0,0.0,0.0,1.7976931348623157e+308,1.7976931348623157e+308,0.0,14220.0,14215.0,14210.0,14205.0,14200.0,14235.0,14235.0,14240.0,14245.0,14250.0,4,1,1,1,2,6,6,2,2,1
20191128,15:39:06.0,2019-11-28 15:39:06,NI3M,LME,14220.0,0,1834,0.0,14355.0,14355.0,14195.0,0.0,0.0,1.7976931348623157e+308,1.7976931348623157e+308,0.0,14220.0,14215.0,14210.0,14205.0,14200.0,14235.0,14240.0,14245.0,14250.0,14255.0,5,1,1,1,2,6,2,2,1,3
20191128,15:39:22.0,2019-11-28 15:39:22,NI3M,LME,14220.0,0,1834,0.0,14355.0,14355.0,14195.0,0.0,0.0,1.7976931348623157e+308,1.7976931348623157e+308,0.0,14220.0,14215.0,14210.0,14205.0,14200.0,14235.0,14240.0,14245.0,14250.0,14255.0,6,1,1,1,2,6,2,2,1,3
20191128,15:40:08.0,2019-11-28 15:40:08,NI3M,LME,14220.0,0,1834,0.0,14355.0,14355.0,14195.0,0.0,0.0,1.7976931348623157e+308,1.7976931348623157e+308,0.0,14220.0,14215.0,14210.0,14205.0,14200.0,14235.0,14240.0,14245.0,14250.0,14255.0,6,1,1,1,2,7,2,2,1,3
20191128,15:40:17.0,2019-11-28 15:40:17,NI3M,LME,14220.0,0,1834,0.0,14355.0,14355.0,14195.0,0.0,0.0,1.7976931348623157e+308,1.7976931348623157e+308,0.0,14225.0,14220.0,14215.0,14210.0,14205.0,14235.0,14240.0,14245.0,14250.0,14255.0,1,6,1,1,1,6,2,2,1,3
20191128,15:40:18.0,2019-11-28 15:40:18,NI3M,LME,14220.0,0,1834,0.0,14355.0,14355.0,14195.0,0.0,0.0,1.7976931348623157e+308,1.7976931348623157e+308,0.0,14225.0,14220.0,14215.0,14205.0,14200.0,14235.0,14240.0,14245.0,14250.0,14255.0,3,6,1,1,2,6,2,2,1,3
20191128,15:40:28.0,2019-11-28 15:40:28,NI3M,LME,14220.0,0,1834,0.0,14355.0,14355.0,14195.0,0.0,0.0,1.7976931348623157e+308,1.7976931348623157e+308,0.0,14230.0,14225.0,14220.0,14205.0,14200.0,14235.0,14240.0,14245.0,14250.0,14255.0,1,4,3,1,2,6,2,2,1,3
20191128,15:40:29.0,2019-11-28 15:40:29,NI3M,LME,14220.0,0,1834,0.0,14355.0,14355.0,14195.0,0.0,0.0,1.7976931348623157e+308,1.7976931348623157e+308,0.0,14230.0,14225.0,14220.0,14205.0,14200.0,14235.0,14240.0,14245.0,14250.0,14255.0,3,4,3,1,2,6,2,2,1,3
20191128,15:40:30.0,2019-11-28 15:40:30,NI3M,LME,14220.0,0,1834,0.0,14355.0,14355.0,14195.0,0.0,0.0,1.7976931348623157e+308,1.7976931348623157e+308,0.0,14230.0,14225.0,14220.0,14205.0,14200.0,14235.0,14240.0,14245.0,14250.0,14255.0,4,2,2,3,2,6,2,2,1,3
20191128,15:40:38.0,2019-11-28 15:40:38,NI3M,LME,14220.0,0,1834,0.0,14355.0,14355.0,14195.0,0.0,0.0,1.7976931348623157e+308,1.7976931348623157e+308,0.0,14230.0,14225.0,14220.0,14205.0,14200.0,14235.0,14240.0,14245.0,14250.0,14255.0,5,1,2,3,2,6,2,2,1,3
20191128,15:40:43.0,2019-11-28 15:40:43,NI3M,LME,14235.0,0,1840,0.0,14355.0,14355.0,14195.0,0.0,0.0,1.7976931348623157e+308,1.7976931348623157e+308,0.0,14235.0,14230.0,14220.0,14205.0,14200.0,14240.0,14245.0,14250.0,14255.0,14260.0,2,4,1,3,2,2,2,1,3,2
20191128,15:40:45.0,2019-11-28 15:40:45,NI3M,LME,14235.0,0,1840,0.0,14355.0,14355.0,14195.0,0.0,0.0,1.7976931348623157e+308,1.7976931348623157e+308,0.0,14235.0,14230.0,14220.0,14205.0,14200.0,14240.0,14245.0,14250.0,14255.0,14260.0,4,4,1,3,2,2,1,1,3,3
20191128,15:40:48.0,2019-11-28 15:40:48,NI3M,LME,14235.0,0,1840,0.0,14355.0,14355.0,14195.0,0.0,0.0,1.7976931348623157e+308,1.7976931348623157e+308,0.0,14235.0,14230.0,14220.0,14205.0,14200.0,14240.0,14245.0,14250.0,14255.0,14260.0,5,1,1,3,2,2,1,1,2,3
20191128,15:41:28.0,2019-11-28 15:41:28,NI3M,LME,14230.0,0,1846,0.0,14355.0,14355.0,14195.0,0.0,0.0,1.7976931348623157e+308,1.7976931348623157e+308,0.0,14220.0,14210.0,14205.0,14200.0,14195.0,14235.0,14240.0,14245.0,14250.0,14255.0,1,1,3,2,3,1,3,2,1,2
20191128,15:42:57.0,2019-11-28 15:42:57,NI3M,LME,14220.0,0,1850,0.0,14355.0,14355.0,14195.0,0.0,0.0,1.7976931348623157e+308,1.7976931348623157e+308,0.0,14215.0,14210.0,14205.0,14200.0,14195.0,14220.0,14235.0,14240.0,14245.0,14250.0,1,2,1,2,1,1,1,3,2,2
20191128,15:42:57.0,2019-11-28 15:42:57,NI3M,LME,14220.0,0,1851,0.0,14355.0,14355.0,14195.0,0.0,0.0,1.7976931348623157e+308,1.7976931348623157e+308,0.0,14215.0,14210.0,14205.0,14200.0,14195.0,14220.0,14235.0,14240.0,14245.0,14250.0,2,2,1,2,1,1,1,3,2,2
20191128,15:43:30.0,2019-11-28 15:43:30,NI3M,LME,14220.0,0,1852,0.0,14355.0,14355.0,14195.0,0.0,0.0,1.7976931348623157e+308,1.7976931348623157e+308,0.0,14215.0,14210.0,14205.0,14200.0,14195.0,14220.0,14235.0,14240.0,14245.0,14250.0,2,1,2,2,1,1,1,3,2,2
20191128,15:43:30.0,2019-11-28 15:43:30,NI3M,LME,14220.0,0,1853,0.0,14355.0,14355.0,14195.0,0.0,0.0,1.7976931348623157e+308,1.7976931348623157e+308,0.0,14220.0,14215.0,14210.0,14205.0,14200.0,14235.0,14240.0,14245.0,14250.0,14255.0,1,2,2,1,2,1,3,2,2,2
20191128,15:43:37.0,2019-11-28 15:43:37,NI3M,LME,14230.0,0,1854,0.0,14355.0,14355.0,14195.0,0.0,0.0,1.7976931348623157e+308,1.7976931348623157e+308,0.0,14215.0,14210.0,14205.0,14200.0,14195.0,14235.0,14240.0,14245.0,14250.0,14255.0,2,2,1,2,3,1,1,2,2,4
20191128,15:45:09.0,2019-11-28 15:45:09,NI3M,LME,14230.0,0,1854,0.0,14355.0,14355.0,14195.0,0.0,0.0,1.7976931348623157e+308,1.7976931348623157e+308,0.0,14225.0,14210.0,14205.0,14200.0,14195.0,14235.0,14240.0,14245.0,14250.0,14255.0,1,2,1,2,3,1,1,4,2,2
20191128,15:50:07.0,2019-11-28 15:50:07,NI3M,LME,14230.0,0,1854,0.0,14355.0,14355.0,14195.0,0.0,0.0,1.7976931348623157e+308,1.7976931348623157e+308,0.0,14225.0,14215.0,14210.0,14205.0,14200.0,14230.0,14235.0,14240.0,14245.0,14250.0,1,3,1,3,3,1,1,2,2,2
20191128,15:54:31.0,2019-11-28 15:54:31,NI3M,LME,14225.0,0,1855,0.0,14355.0,14355.0,14195.0,0.0,0.0,1.7976931348623157e+308,1.7976931348623157e+308,0.0,14225.0,14215.0,14210.0,14205.0,14200.0,14230.0,14235.0,14240.0,14245.0,14250.0,1,2,1,3,3,1,2,2,2,1
20191128,15:54:32.0,2019-11-28 15:54:32,NI3M,LME,14225.0,0,1855,0.0,14355.0,14355.0,14195.0,0.0,0.0,1.7976931348623157e+308,1.7976931348623157e+308,0.0,14215.0,14210.0,14205.0,14200.0,14195.0,14235.0,14240.0,14245.0,14250.0,14255.0,3,1,3,3,3,2,2,2,1,3
20191128,15:54:38.0,2019-11-28 15:54:38,NI3M,LME,14225.0,0,1855,0.0,14355.0,14355.0,14195.0,0.0,0.0,1.7976931348623157e+308,1.7976931348623157e+308,0.0,14215.0,14210.0,14205.0,14200.0,14195.0,14235.0,14240.0,14245.0,14250.0,14255.0,4,1,3,3,3,2,2,2,1,3
20191128,15:55:01.0,2019-11-28 15:55:01,NI3M,LME,14225.0,0,1855,0.0,14355.0,14355.0,14195.0,0.0,0.0,1.7976931348623157e+308,1.7976931348623157e+308,0.0,14215.0,14210.0,14205.0,14200.0,14195.0,14235.0,14240.0,14245.0,14250.0,14255.0,5,1,3,3,3,2,2,2,1,3
20191128,15:55:07.0,2019-11-28 15:55:07,NI3M,LME,14225.0,0,1855,0.0,14355.0,14355.0,14195.0,0.0,0.0,1.7976931348623157e+308,1.7976931348623157e+308,0.0,14215.0,14210.0,14205.0,14200.0,14195.0,14230.0,14240.0,14245.0,14250.0,14255.0,5,1,3,3,3,1,2,2,1,3
20191128,15:55:11.0,2019-11-28 15:55:11,NI3M,LME,14225.0,0,1855,0.0,14355.0,14355.0,14195.0,0.0,0.0,1.7976931348623157e+308,1.7976931348623157e+308,0.0,14215.0,14210.0,14205.0,14200.0,14195.0,14230.0,14235.0,14240.0,14245.0,14250.0,4,1,1,3,1,1,2,2,2,1
20191128,15:55:29.0,2019-11-28 15:55:29,NI3M,LME,14225.0,0,1855,0.0,14355.0,14355.0,14195.0,0.0,0.0,1.7976931348623157e+308,1.7976931348623157e+308,0.0,14215.0,14210.0,14205.0,14200.0,14195.0,14230.0,14235.0,14240.0,14245.0,14250.0,5,2,1,3,1,1,2,2,2,1
20191128,15:55:29.0,2019-11-28 15:55:29,NI3M,LME,14215.0,0,1859,0.0,14355.0,14355.0,14195.0,0.0,0.0,1.7976931348623157e+308,1.7976931348623157e+308,0.0,14210.0,14205.0,14200.0,14195.0,14190.0,14225.0,14235.0,14240.0,14245.0,14250.0,2,1,3,1,2,1,2,2,2,1
20191128,15:55:30.0,2019-11-28 15:55:30,NI3M,LME,14215.0,0,1859,0.0,14355.0,14355.0,14195.0,0.0,0.0,1.7976931348623157e+308,1.7976931348623157e+308,0.0,14210.0,14205.0,14200.0,14195.0,14190.0,14220.0,14225.0,14230.0,14235.0,14240.0,2,1,4,1,2,1,1,2,2,2
20191128,15:55:30.0,2019-11-28 15:55:30,NI3M,LME,14215.0,0,1860,0.0,14355.0,14355.0,14195.0,0.0,0.0,1.7976931348623157e+308,1.7976931348623157e+308,0.0,14210.0,14205.0,14200.0,14195.0,14190.0,14225.0,14230.0,14235.0,14240.0,14245.0,1,2,3,1,2,1,2,2,2,2
20191128,15:56:03.0,2019-11-28 15:56:03,NI3M,LME,14215.0,0,1860,0.0,14355.0,14355.0,14195.0,0.0,0.0,1.7976931348623157e+308,1.7976931348623157e+308,0.0,14210.0,14205.0,14200.0,14195.0,14190.0,14220.0,14225.0,14230.0,14235.0,14240.0,1,2,3,1,2,1,1,2,2,2
20191128,15:56:35.0,2019-11-28 15:56:35,NI3M,LME,14215.0,0,1860,0.0,14355.0,14355.0,14195.0,0.0,0.0,1.7976931348623157e+308,1.7976931348623157e+308,0.0,14210.0,14205.0,14200.0,14195.0,14190.0,14225.0,14225.0,14230.0,14235.0,14240.0,1,2,3,1,2,1,1,2,2,2
20191128,15:56:50.0,2019-11-28 15:56:50,NI3M,LME,14215.0,0,1861,0.0,14355.0,14355.0,14195.0,0.0,0.0,1.7976931348623157e+308,1.7976931348623157e+308,0.0,14215.0,14210.0,14205.0,14200.0,14195.0,14225.0,14230.0,14235.0,14240.0,14245.0,1,2,1,3,1,1,2,2,2,2
20191128,15:57:06.0,2019-11-28 15:57:06,NI3M,LME,14210.0,0,1862,0.0,14355.0,14355.0,14195.0,0.0,0.0,1.7976931348623157e+308,1.7976931348623157e+308,0.0,14210.0,14205.0,14200.0,14195.0,14190.0,14225.0,14230.0,14235.0,14240.0,14245.0,1,2,3,1,2,1,2,2,2,2
20191128,15:57:12.0,2019-11-28 15:57:12,NI3M,LME,14225.0,0,1865,0.0,14355.0,14355.0,14195.0,0.0,0.0,1.7976931348623157e+308,1.7976931348623157e+308,0.0,14225.0,14210.0,14205.0,14200.0,14195.0,14230.0,14235.0,14240.0,14245.0,14250.0,1,2,2,3,2,2,1,2,2,2
20191128,15:57:12.0,2019-11-28 15:57:12,NI3M,LME,14225.0,0,1870,0.0,14355.0,14355.0,14195.0,0.0,0.0,1.7976931348623157e+308,1.7976931348623157e+308,0.0,14225.0,14215.0,14210.0,14205.0,14200.0,14235.0,14240.0,14245.0,14250.0,14255.0,1,1,2,2,3,1,2,2,2,3
20191128,15:57:13.0,2019-11-28 15:57:13,NI3M,LME,14225.0,0,1870,0.0,14355.0,14355.0,14195.0,0.0,0.0,1.7976931348623157e+308,1.7976931348623157e+308,0.0,14225.0,14215.0,14210.0,14205.0,14200.0,14230.0,14240.0,14245.0,14250.0,14255.0,1,1,2,1,3,1,2,2,2,3
20191128,15:57:13.0,2019-11-28 15:57:13,NI3M,LME,14225.0,0,1871,0.0,14355.0,14355.0,14195.0,0.0,0.0,1.7976931348623157e+308,1.7976931348623157e+308,0.0,14225.0,14215.0,14210.0,14205.0,14200.0,14230.0,14235.0,14240.0,14245.0,14250.0,1,1,2,1,3,1,1,2,2,2
20191128,15:57:14.0,2019-11-28 15:57:14,NI3M,LME,14225.0,0,1872,0.0,14355.0,14355.0,14195.0,0.0,0.0,1.7976931348623157e+308,1.7976931348623157e+308,0.0,14215.0,14210.0,14205.0,14200.0,14195.0,14230.0,14235.0,14240.0,14245.0,14250.0,1,2,1,3,1,1,1,2,2,2
20191128,15:57:15.0,2019-11-28 15:57:15,NI3M,LME,14225.0,0,1872,0.0,14355.0,14355.0,14195.0,0.0,0.0,1.7976931348623157e+308,1.7976931348623157e+308,0.0,14215.0,14210.0,14205.0,14200.0,14195.0,14235.0,14235.0,14240.0,14245.0,14250.0,1,3,1,3,1,1,1,2,2,2
20191128,15:57:45.0,2019-11-28 15:57:45,NI3M,LME,14225.0,0,1872,0.0,14355.0,14355.0,14195.0,0.0,0.0,1.7976931348623157e+308,1.7976931348623157e+308,0.0,14215.0,14210.0,14205.0,14200.0,14195.0,14235.0,14240.0,14245.0,14250.0,14255.0,1,3,1,3,1,2,2,2,2,3
20191128,15:57:51.0,2019-11-28 15:57:51,NI3M,LME,14225.0,0,1872,0.0,14355.0,14355.0,14195.0,0.0,0.0,1.7976931348623157e+308,1.7976931348623157e+308,0.0,14215.0,14210.0,14205.0,14200.0,14195.0,14235.0,14240.0,14245.0,14250.0,14255.0,1,3,1,3,1,1,2,2,1,3
20191128,15:58:08.0,2019-11-28 15:58:08,NI3M,LME,14225.0,0,1872,0.0,14355.0,14355.0,14195.0,0.0,0.0,1.7976931348623157e+308,1.7976931348623157e+308,0.0,14225.0,14210.0,14205.0,14200.0,14195.0,14235.0,14240.0,14245.0,14250.0,14255.0,1,3,1,3,1,1,2,2,2,3
20191128,15:59:09.0,2019-11-28 15:59:09,NI3M,LME,14225.0,0,1872,0.0,14355.0,14355.0,14195.0,0.0,0.0,1.7976931348623157e+308,1.7976931348623157e+308,0.0,14225.0,14215.0,14210.0,14205.0,14200.0,14235.0,14240.0,14245.0,14250.0,14255.0,1,1,2,1,3,2,2,2,2,1
20191128,15:59:17.0,2019-11-28 15:59:17,NI3M,LME,14225.0,0,1872,0.0,14355.0,14355.0,14195.0,0.0,0.0,1.7976931348623157e+308,1.7976931348623157e+308,0.0,14225.0,14215.0,14210.0,14205.0,14200.0,14235.0,14240.0,14245.0,14250.0,14255.0,1,1,2,1,3,1,2,2,1,1
20191128,15:59:59.0,2019-11-28 15:59:59,NI3M,LME,14225.0,0,1872,0.0,14355.0,14355.0,14195.0,0.0,0.0,1.7976931348623157e+308,1.7976931348623157e+308,0.0,14225.0,14215.0,14210.0,14205.0,14200.0,14235.0,14240.0,14245.0,14250.0,14255.0,1,1,2,1,3,2,2,2,2,1
20191128,16:00:00.0,2019-11-28 16:00:00,NI3M,LME,14225.0,0,1872,0.0,14355.0,14355.0,14195.0,0.0,0.0,1.7976931348623157e+308,1.7976931348623157e+308,0.0,14225.0,14215.0,14210.0,14205.0,14200.0,14235.0,14240.0,14245.0,14250.0,14255.0,2,1,2,1,3,2,2,2,2,1
20191128,16:00:03.0,2019-11-28 16:00:03,NI3M,LME,14225.0,0,1872,0.0,14355.0,14355.0,14195.0,0.0,0.0,1.7976931348623157e+308,1.7976931348623157e+308,0.0,14225.0,14215.0,14210.0,14205.0,14200.0,14235.0,14240.0,14245.0,14250.0,14255.0,2,1,2,1,3,3,2,2,1,1
20191128,16:00:08.0,2019-11-28 16:00:08,NI3M,LME,14225.0,0,1872,0.0,14355.0,14355.0,14195.0,0.0,0.0,1.7976931348623157e+308,1.7976931348623157e+308,0.0,14225.0,14215.0,14210.0,14205.0,14200.0,14230.0,14235.0,14240.0,14245.0,14250.0,2,1,2,1,3,1,2,2,2,2
20191128,16:00:14.0,2019-11-28 16:00:14,NI3M,LME,14225.0,0,1872,0.0,14355.0,14355.0,14195.0,0.0,0.0,1.7976931348623157e+308,1.7976931348623157e+308,0.0,14225.0,14215.0,14210.0,14205.0,14200.0,14230.0,14235.0,14240.0,14245.0,14250.0,1,1,2,1,3,2,1,2,2,2
20191128,16:00:15.0,2019-11-28 16:00:15,NI3M,LME,14225.0,0,1872,0.0,14355.0,14355.0,14195.0,0.0,0.0,1.7976931348623157e+308,1.7976931348623157e+308,0.0,14225.0,14215.0,14210.0,14205.0,14200.0,14230.0,14235.0,14240.0,14245.0,14250.0,2,1,2,1,3,2,1,2,2,2
20191128,16:00:19.0,2019-11-28 16:00:19,NI3M,LME,14225.0,0,1872,0.0,14355.0,14355.0,14195.0,0.0,0.0,1.7976931348623157e+308,1.7976931348623157e+308,0.0,14225.0,14215.0,14210.0,14205.0,14200.0,14230.0,14235.0,14240.0,14245.0,14250.0,2,1,2,1,3,4,1,2,2,2
20191128,16:00:21.0,2019-11-28 16:00:21,NI3M,LME,14225.0,0,1874,0.0,14355.0,14355.0,14195.0,0.0,0.0,1.7976931348623157e+308,1.7976931348623157e+308,0.0,14215.0,14210.0,14205.0,14200.0,14195.0,14230.0,14230.0,14235.0,14240.0,14245.0,1,2,1,3,3,4,4,1,2,2
20191128,16:00:22.0,2019-11-28 16:00:22,NI3M,LME,14225.0,0,1874,0.0,14355.0,14355.0,14195.0,0.0,0.0,1.7976931348623157e+308,1.7976931348623157e+308,0.0,14205.0,14200.0,14195.0,14190.0,14170.0,14215.0,14220.0,14225.0,14230.0,14235.0,2,3,2,2,2,1,1,1,2,1
20191128,16:00:23.0,2019-11-28 16:00:23,NI3M,LME,14225.0,0,1874,0.0,14355.0,14355.0,14195.0,0.0,0.0,1.7976931348623157e+308,1.7976931348623157e+308,0.0,14205.0,14200.0,14195.0,14190.0,14170.0,14215.0,14220.0,14225.0,14230.0,14235.0,2,3,1,2,2,2,1,1,2,1
20191128,16:00:23.0,2019-11-28 16:00:23,NI3M,LME,14210.0,0,1875,0.0,14355.0,14355.0,14195.0,0.0,0.0,1.7976931348623157e+308,1.7976931348623157e+308,0.0,14205.0,14200.0,14195.0,14190.0,14170.0,14215.0,14215.0,14225.0,14230.0,14235.0,2,3,1,2,2,1,1,3,2,1
20191128,16:00:24.0,2019-11-28 16:00:24,NI3M,LME,14210.0,0,1875,0.0,14355.0,14355.0,14195.0,0.0,0.0,1.7976931348623157e+308,1.7976931348623157e+308,0.0,14205.0,14200.0,14195.0,14190.0,14170.0,14215.0,14225.0,14230.0,14235.0,14240.0,1,4,1,2,2,1,3,2,1,2
20191128,16:00:27.0,2019-11-28 16:00:27,NI3M,LME,14210.0,0,1875,0.0,14355.0,14355.0,14195.0,0.0,0.0,1.7976931348623157e+308,1.7976931348623157e+308,0.0,14205.0,14200.0,14195.0,14190.0,14170.0,14210.0,14215.0,14225.0,14235.0,14240.0,1,3,2,2,2,1,3,1,3,2
20191128,16:00:29.0,2019-11-28 16:00:29,NI3M,LME,14210.0,0,1875,0.0,14355.0,14355.0,14195.0,0.0,0.0,1.7976931348623157e+308,1.7976931348623157e+308,0.0,14205.0,14200.0,14195.0,14190.0,14170.0,14210.0,14225.0,14235.0,14240.0,14245.0,1,3,2,2,2,4,1,3,2,4
20191128,16:00:30.0,2019-11-28 16:00:30,NI3M,LME,14220.0,0,1880,0.0,14355.0,14355.0,14195.0,0.0,0.0,1.7976931348623157e+308,1.7976931348623157e+308,0.0,14205.0,14200.0,14195.0,14190.0,14165.0,14220.0,14235.0,14240.0,14245.0,14250.0,3,3,2,2,4,1,3,2,2,2
20191128,16:00:38.0,2019-11-28 16:00:38,NI3M,LME,14220.0,0,1880,0.0,14355.0,14355.0,14195.0,0.0,0.0,1.7976931348623157e+308,1.7976931348623157e+308,0.0,14205.0,14200.0,14195.0,14190.0,14170.0,14225.0,14235.0,14240.0,14245.0,14250.0,3,3,1,2,2,3,3,2,2,2
20191128,16:00:40.0,2019-11-28 16:00:40,NI3M,LME,14220.0,0,1880,0.0,14355.0,14355.0,14195.0,0.0,0.0,1.7976931348623157e+308,1.7976931348623157e+308,0.0,14205.0,14200.0,14195.0,14190.0,14170.0,14225.0,14235.0,14240.0,14245.0,14250.0,1,4,1,2,2,3,3,2,2,2
20191128,16:00:47.0,2019-11-28 16:00:47,NI3M,LME,14220.0,0,1880,0.0,14355.0,14355.0,14195.0,0.0,0.0,1.7976931348623157e+308,1.7976931348623157e+308,0.0,14205.0,14200.0,14195.0,14190.0,14175.0,14225.0,14235.0,14240.0,14245.0,14250.0,2,4,1,2,1,3,3,2,4,2
20191128,16:00:49.0,2019-11-28 16:00:49,NI3M,LME,14220.0,0,1880,0.0,14355.0,14355.0,14195.0,0.0,0.0,1.7976931348623157e+308,1.7976931348623157e+308,0.0,14205.0,14200.0,14195.0,14190.0,14175.0,14225.0,14235.0,14240.0,14245.0,14250.0,3,4,1,2,1,3,3,2,4,2
20191128,16:01:45.0,2019-11-28 16:01:45,NI3M,LME,14220.0,0,1880,0.0,14355.0,14355.0,14195.0,0.0,0.0,1.7976931348623157e+308,1.7976931348623157e+308,0.0,14205.0,14200.0,14195.0,14190.0,14180.0,14225.0,14235.0,14240.0,14245.0,14250.0,2,7,2,3,2,3,3,2,2,1
20191128,16:01:46.0,2019-11-28 16:01:46,NI3M,LME,14220.0,0,1880,0.0,14355.0,14355.0,14195.0,0.0,0.0,1.7976931348623157e+308,1.7976931348623157e+308,0.0,14205.0,14200.0,14195.0,14190.0,14180.0,14225.0,14235.0,14240.0,14245.0,14250.0,3,7,1,3,2,3,3,2,2,1
20191128,16:01:47.0,2019-11-28 16:01:47,NI3M,LME,14220.0,0,1880,0.0,14355.0,14355.0,14195.0,0.0,0.0,1.7976931348623157e+308,1.7976931348623157e+308,0.0,14210.0,14200.0,14195.0,14190.0,14180.0,14225.0,14235.0,14240.0,14245.0,14250.0,1,7,1,3,2,3,3,2,2,1
20191128,16:02:10.0,2019-11-28 16:02:10,NI3M,LME,14220.0,0,1880,0.0,14355.0,14355.0,14195.0,0.0,0.0,1.7976931348623157e+308,1.7976931348623157e+308,0.0,14205.0,14200.0,14195.0,14190.0,14180.0,14220.0,14225.0,14230.0,14235.0,14240.0,2,7,1,3,2,1,3,1,1,2
20191128,16:02:13.0,2019-11-28 16:02:13,NI3M,LME,14220.0,0,1880,0.0,14355.0,14355.0,14195.0,0.0,0.0,1.7976931348623157e+308,1.7976931348623157e+308,0.0,14205.0,14200.0,14195.0,14190.0,14180.0,14220.0,14225.0,14230.0,14235.0,14240.0,2,8,1,3,2,1,3,1,1,2
20191128,16:02:28.0,2019-11-28 16:02:28,NI3M,LME,14220.0,0,1880,0.0,14355.0,14355.0,14195.0,0.0,0.0,1.7976931348623157e+308,1.7976931348623157e+308,0.0,14205.0,14200.0,14195.0,14190.0,14180.0,14225.0,14230.0,14235.0,14240.0,14245.0,4,8,1,3,2,3,3,3,2,2
20191128,16:03:14.0,2019-11-28 16:03:14,NI3M,LME,14220.0,0,1880,0.0,14355.0,14355.0,14195.0,0.0,0.0,1.7976931348623157e+308,1.7976931348623157e+308,0.0,14210.0,14200.0,14195.0,14190.0,14180.0,14225.0,14230.0,14235.0,14240.0,14245.0,1,7,1,3,2,3,3,3,2,2
20191128,16:03:29.0,2019-11-28 16:03:29,NI3M,LME,14220.0,0,1880,0.0,14355.0,14355.0,14195.0,0.0,0.0,1.7976931348623157e+308,1.7976931348623157e+308,0.0,14210.0,14205.0,14200.0,14195.0,14190.0,14220.0,14230.0,14235.0,14240.0,14245.0,1,4,7,1,3,7,3,3,2,2
20191128,16:03:31.0,2019-11-28 16:03:31,NI3M,LME,14220.0,0,1880,0.0,14355.0,14355.0,14195.0,0.0,0.0,1.7976931348623157e+308,1.7976931348623157e+308,0.0,14210.0,14205.0,14200.0,14195.0,14190.0,14225.0,14225.0,14230.0,14235.0,14240.0,1,4,7,1,3,3,3,3,3,2
20191128,16:03:32.0,2019-11-28 16:03:32,NI3M,LME,14220.0,0,1880,0.0,14355.0,14355.0,14195.0,0.0,0.0,1.7976931348623157e+308,1.7976931348623157e+308,0.0,14210.0,14205.0,14200.0,14195.0,14190.0,14225.0,14230.0,14235.0,14240.0,14245.0,1,4,7,1,3,3,3,3,2,2
20191128,16:03:33.0,2019-11-28 16:03:33,NI3M,LME,14220.0,0,1880,0.0,14355.0,14355.0,14195.0,0.0,0.0,1.7976931348623157e+308,1.7976931348623157e+308,0.0,14205.0,14205.0,14200.0,14195.0,14190.0,14225.0,14230.0,14235.0,14240.0,14245.0,6,5,7,1,3,3,3,3,2,2
20191128,16:03:36.0,2019-11-28 16:03:36,NI3M,LME,14220.0,0,1880,0.0,14355.0,14355.0,14195.0,0.0,0.0,1.7976931348623157e+308,1.7976931348623157e+308,0.0,14205.0,14200.0,14195.0,14190.0,14180.0,14220.0,14230.0,14235.0,14240.0,14245.0,6,7,1,3,2,1,3,3,2,2
20191128,16:03:59.0,2019-11-28 16:03:59,NI3M,LME,14220.0,0,1880,0.0,14355.0,14355.0,14195.0,0.0,0.0,1.7976931348623157e+308,1.7976931348623157e+308,0.0,14210.0,14200.0,14195.0,14190.0,14180.0,14220.0,14225.0,14230.0,14235.0,14240.0,1,7,1,3,2,1,3,2,3,2
20191128,16:04:15.0,2019-11-28 16:04:15,NI3M,LME,14220.0,0,1880,0.0,14355.0,14355.0,14195.0,0.0,0.0,1.7976931348623157e+308,1.7976931348623157e+308,0.0,14210.0,14205.0,14200.0,14195.0,14190.0,14220.0,14225.0,14230.0,14235.0,14240.0,1,3,7,1,3,1,3,2,3,2
20191128,16:04:20.0,2019-11-28 16:04:20,NI3M,LME,14220.0,0,1880,0.0,14355.0,14355.0,14195.0,0.0,0.0,1.7976931348623157e+308,1.7976931348623157e+308,0.0,14210.0,14205.0,14200.0,14195.0,14190.0,14225.0,14225.0,14230.0,14235.0,14240.0,1,4,7,1,3,3,3,2,3,2
20191128,16:04:21.0,2019-11-28 16:04:21,NI3M,LME,14220.0,0,1880,0.0,14355.0,14355.0,14195.0,0.0,0.0,1.7976931348623157e+308,1.7976931348623157e+308,0.0,14210.0,14205.0,14200.0,14195.0,14190.0,14225.0,14230.0,14235.0,14240.0,14245.0,2,3,7,1,3,3,2,3,2,2
20191128,16:04:50.0,2019-11-28 16:04:50,NI3M,LME,14220.0,0,1880,0.0,14355.0,14355.0,14195.0,0.0,0.0,1.7976931348623157e+308,1.7976931348623157e+308,0.0,14210.0,14205.0,14200.0,14195.0,14190.0,14225.0,14230.0,14235.0,14240.0,14245.0,2,3,7,1,3,4,2,3,2,2
20191128,16:05:06.0,2019-11-28 16:05:06,NI3M,LME,14220.0,0,1880,0.0,14355.0,14355.0,14195.0,0.0,0.0,1.7976931348623157e+308,1.7976931348623157e+308,0.0,14210.0,14205.0,14200.0,14195.0,14190.0,14215.0,14235.0,14240.0,14245.0,14250.0,2,3,7,1,3,1,1,2,2,1
20191128,16:05:09.0,2019-11-28 16:05:09,NI3M,LME,14220.0,0,1880,0.0,14355.0,14355.0,14195.0,0.0,0.0,1.7976931348623157e+308,1.7976931348623157e+308,0.0,14210.0,14205.0,14200.0,14195.0,14190.0,14215.0,14225.0,14235.0,14240.0,14245.0,1,2,7,1,3,2,4,1,2,4
20191128,16:05:37.0,2019-11-28 16:05:37,NI3M,LME,14210.0,0,1881,0.0,14355.0,14355.0,14195.0,0.0,0.0,1.7976931348623157e+308,1.7976931348623157e+308,0.0,14205.0,14200.0,14195.0,14190.0,14180.0,14215.0,14220.0,14225.0,14235.0,14240.0,2,7,1,3,2,3,1,3,1,1
20191128,16:05:38.0,2019-11-28 16:05:38,NI3M,LME,14210.0,0,1882,0.0,14355.0,14355.0,14195.0,0.0,0.0,1.7976931348623157e+308,1.7976931348623157e+308,0.0,14205.0,14200.0,14195.0,14190.0,14180.0,14215.0,14225.0,14230.0,14235.0,14240.0,3,7,1,3,2,1,4,1,1,1
20191128,16:05:39.0,2019-11-28 16:05:39,NI3M,LME,14210.0,0,1883,0.0,14355.0,14355.0,14195.0,0.0,0.0,1.7976931348623157e+308,1.7976931348623157e+308,0.0,14205.0,14200.0,14195.0,14190.0,14180.0,14215.0,14225.0,14235.0,14240.0,14245.0,3,7,1,3,2,1,3,2,2,3
20191128,16:05:41.0,2019-11-28 16:05:41,NI3M,LME,14210.0,0,1883,0.0,14355.0,14355.0,14195.0,0.0,0.0,1.7976931348623157e+308,1.7976931348623157e+308,0.0,14205.0,14200.0,14195.0,14190.0,14180.0,14225.0,14235.0,14240.0,14245.0,14255.0,3,7,1,3,2,3,2,2,3,1
20191128,16:05:43.0,2019-11-28 16:05:43,NI3M,LME,14210.0,0,1883,0.0,14355.0,14355.0,14195.0,0.0,0.0,1.7976931348623157e+308,1.7976931348623157e+308,0.0,14205.0,14200.0,14195.0,14190.0,14180.0,14220.0,14235.0,14240.0,14245.0,14255.0,3,7,1,3,2,1,2,2,3,1
20191128,16:05:47.0,2019-11-28 16:05:47,NI3M,LME,14210.0,0,1883,0.0,14355.0,14355.0,14195.0,0.0,0.0,1.7976931348623157e+308,1.7976931348623157e+308,0.0,14205.0,14200.0,14195.0,14190.0,14180.0,14215.0,14220.0,14225.0,14235.0,14240.0,3,7,1,3,2,2,1,3,2,2
20191128,16:05:55.0,2019-11-28 16:05:55,NI3M,LME,14210.0,0,1883,0.0,14355.0,14355.0,14195.0,0.0,0.0,1.7976931348623157e+308,1.7976931348623157e+308,0.0,14205.0,14200.0,14195.0,14190.0,14180.0,14210.0,14215.0,14220.0,14225.0,14235.0,2,7,1,3,2,1,2,1,3,2
20191128,16:05:56.0,2019-11-28 16:05:56,NI3M,LME,14210.0,0,1883,0.0,14355.0,14355.0,14195.0,0.0,0.0,1.7976931348623157e+308,1.7976931348623157e+308,0.0,14205.0,14200.0,14195.0,14190.0,14180.0,14210.0,14215.0,14220.0,14225.0,14235.0,2,7,1,3,2,2,2,1,3,2
20191128,16:06:05.0,2019-11-28 16:06:05,NI3M,LME,14210.0,0,1883,0.0,14355.0,14355.0,14195.0,0.0,0.0,1.7976931348623157e+308,1.7976931348623157e+308,0.0,14205.0,14200.0,14195.0,14190.0,14185.0,14210.0,14215.0,14220.0,14225.0,14235.0,1,8,1,3,1,4,1,1,3,2
20191128,16:06:07.0,2019-11-28 16:06:07,NI3M,LME,14205.0,0,1884,0.0,14355.0,14355.0,14195.0,0.0,0.0,1.7976931348623157e+308,1.7976931348623157e+308,0.0,14205.0,14200.0,14195.0,14190.0,14185.0,14210.0,14215.0,14220.0,14225.0,14235.0,1,8,1,3,1,4,1,1,3,2
20191128,16:06:08.0,2019-11-28 16:06:08,NI3M,LME,14205.0,0,1884,0.0,14355.0,14355.0,14195.0,0.0,0.0,1.7976931348623157e+308,1.7976931348623157e+308,0.0,14200.0,14195.0,14190.0,14185.0,14180.0,14205.0,14215.0,14220.0,14225.0,14235.0,8,1,3,1,2,1,1,1,3,2
20191128,16:06:09.0,2019-11-28 16:06:09,NI3M,LME,14205.0,0,1884,0.0,14355.0,14355.0,14195.0,0.0,0.0,1.7976931348623157e+308,1.7976931348623157e+308,0.0,14200.0,14195.0,14190.0,14185.0,14180.0,14205.0,14210.0,14215.0,14220.0,14225.0,8,1,3,1,2,3,2,1,1,3
20191128,16:06:10.0,2019-11-28 16:06:10,NI3M,LME,14185.0,0,1899,0.0,14355.0,14355.0,14185.0,0.0,0.0,1.7976931348623157e+308,1.7976931348623157e+308,0.0,14180.0,14175.0,14170.0,14165.0,14160.0,14185.0,14200.0,14205.0,14210.0,14215.0,2,1,3,4,1,1,1,4,1,1
20191128,16:06:10.0,2019-11-28 16:06:10,NI3M,LME,14185.0,0,1902,0.0,14355.0,14355.0,14185.0,0.0,0.0,1.7976931348623157e+308,1.7976931348623157e+308,0.0,14180.0,14175.0,14170.0,14165.0,14160.0,14200.0,14205.0,14210.0,14215.0,14220.0,2,2,1,4,1,2,4,1,1,1
20191128,16:06:11.0,2019-11-28 16:06:11,NI3M,LME,14185.0,0,1902,0.0,14355.0,14355.0,14185.0,0.0,0.0,1.7976931348623157e+308,1.7976931348623157e+308,0.0,14180.0,14175.0,14170.0,14165.0,14155.0,14200.0,14205.0,14210.0,14215.0,14220.0,3,2,1,4,4,3,2,1,1,3
20191128,16:06:12.0,2019-11-28 16:06:12,NI3M,LME,14200.0,0,1904,0.0,14355.0,14355.0,14185.0,0.0,0.0,1.7976931348623157e+308,1.7976931348623157e+308,0.0,14185.0,14180.0,14175.0,14170.0,14165.0,14195.0,14200.0,14205.0,14210.0,14215.0,2,3,2,1,2,1,2,2,1,1
20191128,16:06:13.0,2019-11-28 16:06:13,NI3M,LME,14200.0,0,1904,0.0,14355.0,14355.0,14185.0,0.0,0.0,1.7976931348623157e+308,1.7976931348623157e+308,0.0,14185.0,14180.0,14175.0,14170.0,14165.0,14195.0,14200.0,14205.0,14210.0,14215.0,3,3,1,1,2,2,1,2,1,1
20191128,16:06:15.0,2019-11-28 16:06:15,NI3M,LME,14200.0,0,1904,0.0,14355.0,14355.0,14185.0,0.0,0.0,1.7976931348623157e+308,1.7976931348623157e+308,0.0,14185.0,14180.0,14175.0,14170.0,14155.0,14195.0,14200.0,14205.0,14210.0,14215.0,3,3,1,1,4,4,1,1,1,1
20191128,16:06:35.0,2019-11-28 16:06:35,NI3M,LME,14185.0,0,1905,0.0,14355.0,14355.0,14185.0,0.0,0.0,1.7976931348623157e+308,1.7976931348623157e+308,0.0,14185.0,14180.0,14170.0,14155.0,14150.0,14195.0,14200.0,14205.0,14210.0,14215.0,1,3,1,4,10,4,1,1,1,1
20191128,16:06:36.0,2019-11-28 16:06:36,NI3M,LME,14180.0,0,1907,0.0,14355.0,14355.0,14180.0,0.0,0.0,1.7976931348623157e+308,1.7976931348623157e+308,0.0,14170.0,14170.0,14160.0,14155.0,14150.0,14185.0,14195.0,14200.0,14205.0,14210.0,1,1,2,2,10,4,1,1,1,1
20191128,16:06:36.0,2019-11-28 16:06:36,NI3M,LME,14180.0,0,1908,0.0,14355.0,14355.0,14180.0,0.0,0.0,1.7976931348623157e+308,1.7976931348623157e+308,0.0,14170.0,14160.0,14155.0,14150.0,14145.0,14180.0,14185.0,14195.0,14200.0,14205.0,1,2,2,10,1,1,4,1,1,1
20191128,16:06:37.0,2019-11-28 16:06:37,NI3M,LME,14180.0,0,1908,0.0,14355.0,14355.0,14180.0,0.0,0.0,1.7976931348623157e+308,1.7976931348623157e+308,0.0,14170.0,14160.0,14155.0,14150.0,14145.0,14180.0,14185.0,14195.0,14200.0,14205.0,2,2,1,10,2,3,2,1,1,1
20191128,16:06:40.0,2019-11-28 16:06:40,NI3M,LME,14180.0,0,1908,0.0,14355.0,14355.0,14180.0,0.0,0.0,1.7976931348623157e+308,1.7976931348623157e+308,0.0,14170.0,14160.0,14155.0,14150.0,14145.0,14175.0,14185.0,14195.0,14200.0,14205.0,2,2,1,10,1,1,2,1,1,1
20191128,16:06:41.0,2019-11-28 16:06:41,NI3M,LME,14180.0,0,1908,0.0,14355.0,14355.0,14180.0,0.0,0.0,1.7976931348623157e+308,1.7976931348623157e+308,0.0,14170.0,14160.0,14155.0,14150.0,14145.0,14175.0,14180.0,14185.0,14195.0,14200.0,1,1,3,10,1,4,1,1,1,1
20191128,16:06:41.0,2019-11-28 16:06:41,NI3M,LME,14165.0,0,1911,0.0,14355.0,14355.0,14165.0,0.0,0.0,1.7976931348623157e+308,1.7976931348623157e+308,0.0,14155.0,14150.0,14145.0,14140.0,14135.0,14165.0,14170.0,14175.0,14180.0,14185.0,1,10,1,1,5,1,4,3,1,1
20191128,16:06:42.0,2019-11-28 16:06:42,NI3M,LME,14165.0,0,1911,0.0,14355.0,14355.0,14165.0,0.0,0.0,1.7976931348623157e+308,1.7976931348623157e+308,0.0,14155.0,14150.0,14145.0,14140.0,14135.0,14165.0,14170.0,14175.0,14180.0,14185.0,2,10,2,1,5,3,4,1,1,1
20191128,16:06:46.0,2019-11-28 16:06:46,NI3M,LME,14165.0,0,1912,0.0,14355.0,14355.0,14165.0,0.0,0.0,1.7976931348623157e+308,1.7976931348623157e+308,0.0,14155.0,14150.0,14145.0,14140.0,14135.0,14165.0,14170.0,14175.0,14180.0,14185.0,2,10,1,1,2,2,4,1,1,1
20191128,16:06:46.0,2019-11-28 16:06:46,NI3M,LME,14145.0,0,1947,0.0,14355.0,14355.0,14135.0,0.0,0.0,1.7976931348623157e+308,1.7976931348623157e+308,0.0,14130.0,14125.0,14115.0,14110.0,14105.0,14145.0,14165.0,14170.0,14180.0,14185.0,1,1,1,2,5,11,3,4,1,1
20191128,16:06:47.0,2019-11-28 16:06:47,NI3M,LME,14150.0,0,1970,0.0,14355.0,14355.0,14135.0,0.0,0.0,1.7976931348623157e+308,1.7976931348623157e+308,0.0,14155.0,14150.0,14140.0,14135.0,14130.0,14165.0,14170.0,14180.0,14185.0,14195.0,1,5,2,1,2,1,4,1,1,1
20191128,16:06:47.0,2019-11-28 16:06:47,NI3M,LME,14135.0,0,2003,0.0,14355.0,14355.0,14135.0,0.0,0.0,1.7976931348623157e+308,1.7976931348623157e+308,0.0,14125.0,14120.0,14115.0,14105.0,14100.0,14135.0,14150.0,14160.0,14165.0,14170.0,2,3,2,5,7,1,1,3,1,4
20191128,16:06:48.0,2019-11-28 16:06:48,NI3M,LME,14125.0,0,2005,0.0,14355.0,14355.0,14125.0,0.0,0.0,1.7976931348623157e+308,1.7976931348623157e+308,0.0,14115.0,14115.0,14110.0,14105.0,14100.0,14130.0,14135.0,14150.0,14160.0,14165.0,1,1,2,5,7,1,3,1,3,1
20191128,16:06:49.0,2019-11-28 16:06:49,NI3M,LME,14125.0,0,2005,0.0,14355.0,14355.0,14125.0,0.0,0.0,1.7976931348623157e+308,1.7976931348623157e+308,0.0,14115.0,14110.0,14105.0,14100.0,14095.0,14130.0,14135.0,14150.0,14160.0,14165.0,2,2,5,7,1,3,1,1,3,1
20191128,16:06:50.0,2019-11-28 16:06:50,NI3M,LME,14125.0,0,2005,0.0,14355.0,14355.0,14125.0,0.0,0.0,1.7976931348623157e+308,1.7976931348623157e+308,0.0,14115.0,14110.0,14105.0,14100.0,14095.0,14130.0,14135.0,14150.0,14160.0,14165.0,2,2,5,7,1,4,1,1,1,2
20191128,16:06:51.0,2019-11-28 16:06:51,NI3M,LME,14125.0,0,2005,0.0,14355.0,14355.0,14125.0,0.0,0.0,1.7976931348623157e+308,1.7976931348623157e+308,0.0,14115.0,14105.0,14100.0,14095.0,14085.0,14130.0,14135.0,14150.0,14160.0,14165.0,1,3,7,1,2,4,1,1,1,2
20191128,16:06:52.0,2019-11-28 16:06:52,NI3M,LME,14115.0,0,2006,0.0,14355.0,14355.0,14115.0,0.0,0.0,1.7976931348623157e+308,1.7976931348623157e+308,0.0,14115.0,14110.0,14105.0,14100.0,14095.0,14130.0,14135.0,14150.0,14160.0,14165.0,1,1,3,7,1,4,1,1,1,2
20191128,16:06:53.0,2019-11-28 16:06:53,NI3M,LME,14115.0,0,2006,0.0,14355.0,14355.0,14115.0,0.0,0.0,1.7976931348623157e+308,1.7976931348623157e+308,0.0,14110.0,14105.0,14100.0,14095.0,14090.0,14130.0,14135.0,14150.0,14160.0,14165.0,2,3,7,1,1,4,1,1,1,2
20191128,16:06:54.0,2019-11-28 16:06:54,NI3M,LME,14110.0,0,2007,0.0,14355.0,14355.0,14110.0,0.0,0.0,1.7976931348623157e+308,1.7976931348623157e+308,0.0,14110.0,14105.0,14100.0,14095.0,14090.0,14130.0,14135.0,14150.0,14160.0,14165.0,1,4,7,1,1,4,1,1,1,2
20191128,16:06:55.0,2019-11-28 16:06:55,NI3M,LME,14110.0,0,2007,0.0,14355.0,14355.0,14110.0,0.0,0.0,1.7976931348623157e+308,1.7976931348623157e+308,0.0,14115.0,14105.0,14100.0,14095.0,14090.0,14130.0,14135.0,14150.0,14160.0,14165.0,1,4,7,1,1,4,1,1,1,2
20191128,16:06:58.0,2019-11-28 16:06:58,NI3M,LME,14110.0,0,2007,0.0,14355.0,14355.0,14110.0,0.0,0.0,1.7976931348623157e+308,1.7976931348623157e+308,0.0,14115.0,14110.0,14105.0,14100.0,14095.0,14130.0,14135.0,14150.0,14160.0,14165.0,2,2,4,7,1,4,1,1,1,2
20191128,16:07:02.0,2019-11-28 16:07:02,NI3M,LME,14130.0,0,2008,0.0,14355.0,14355.0,14110.0,0.0,0.0,1.7976931348623157e+308,1.7976931348623157e+308,0.0,14120.0,14110.0,14105.0,14100.0,14095.0,14130.0,14135.0,14150.0,14160.0,14165.0,1,2,4,7,1,3,1,1,1,2
20191128,16:07:03.0,2019-11-28 16:07:03,NI3M,LME,14130.0,0,2008,0.0,14355.0,14355.0,14110.0,0.0,0.0,1.7976931348623157e+308,1.7976931348623157e+308,0.0,14120.0,14115.0,14110.0,14105.0,14100.0,14130.0,14135.0,14150.0,14160.0,14165.0,2,2,2,4,7,3,1,1,1,2
20191128,16:07:10.0,2019-11-28 16:07:10,NI3M,LME,14135.0,0,2012,0.0,14355.0,14355.0,14110.0,0.0,0.0,1.7976931348623157e+308,1.7976931348623157e+308,0.0,14130.0,14120.0,14115.0,14110.0,14105.0,14150.0,14160.0,14165.0,14170.0,14180.0,2,2,2,4,4,1,1,2,4,1
20191128,16:07:10.0,2019-11-28 16:07:10,NI3M,LME,14130.0,0,2014,0.0,14355.0,14355.0,14110.0,0.0,0.0,1.7976931348623157e+308,1.7976931348623157e+308,0.0,14130.0,14125.0,14120.0,14115.0,14110.0,14150.0,14160.0,14165.0,14170.0,14180.0,2,2,2,2,4,1,1,2,4,1
20191128,16:07:11.0,2019-11-28 16:07:11,NI3M,LME,14130.0,0,2014,0.0,14355.0,14355.0,14110.0,0.0,0.0,1.7976931348623157e+308,1.7976931348623157e+308,0.0,14130.0,14125.0,14120.0,14115.0,14110.0,14150.0,14160.0,14165.0,14170.0,14180.0,1,2,2,2,4,3,1,2,4,1
20191128,16:07:33.0,2019-11-28 16:07:33,NI3M,LME,14130.0,0,2014,0.0,14355.0,14355.0,14110.0,0.0,0.0,1.7976931348623157e+308,1.7976931348623157e+308,0.0,14135.0,14130.0,14125.0,14120.0,14115.0,14150.0,14160.0,14165.0,14170.0,14180.0,1,2,3,2,1,3,1,2,4,1
20191128,16:07:47.0,2019-11-28 16:07:47,NI3M,LME,14130.0,0,2014,0.0,14355.0,14355.0,14110.0,0.0,0.0,1.7976931348623157e+308,1.7976931348623157e+308,0.0,14135.0,14130.0,14125.0,14120.0,14115.0,14140.0,14145.0,14150.0,14155.0,14160.0,1,2,3,2,1,1,2,3,1,1
20191128,16:07:47.0,2019-11-28 16:07:47,NI3M,LME,14135.0,0,2015,0.0,14355.0,14355.0,14110.0,0.0,0.0,1.7976931348623157e+308,1.7976931348623157e+308,0.0,14130.0,14125.0,14120.0,14115.0,14110.0,14140.0,14145.0,14150.0,14155.0,14160.0,2,3,2,1,4,3,2,1,1,1
20191128,16:07:50.0,2019-11-28 16:07:50,NI3M,LME,14135.0,0,2015,0.0,14355.0,14355.0,14110.0,0.0,0.0,1.7976931348623157e+308,1.7976931348623157e+308,0.0,14130.0,14120.0,14115.0,14110.0,14105.0,14140.0,14145.0,14150.0,14155.0,14160.0,1,2,3,3,2,3,2,1,1,1
20191128,16:07:52.0,2019-11-28 16:07:52,NI3M,LME,14130.0,0,2016,0.0,14355.0,14355.0,14110.0,0.0,0.0,1.7976931348623157e+308,1.7976931348623157e+308,0.0,14130.0,14120.0,14115.0,14110.0,14105.0,14140.0,14145.0,14150.0,14155.0,14160.0,1,2,3,4,2,3,2,2,1,1
20191128,16:07:54.0,2019-11-28 16:07:54,NI3M,LME,14130.0,0,2016,0.0,14355.0,14355.0,14110.0,0.0,0.0,1.7976931348623157e+308,1.7976931348623157e+308,0.0,14120.0,14115.0,14110.0,14105.0,14100.0,14140.0,14145.0,14150.0,14155.0,14160.0,1,3,4,2,7,3,3,2,1,1
20191128,16:07:55.0,2019-11-28 16:07:55,NI3M,LME,14130.0,0,2016,0.0,14355.0,14355.0,14110.0,0.0,0.0,1.7976931348623157e+308,1.7976931348623157e+308,0.0,14120.0,14115.0,14110.0,14105.0,14100.0,14140.0,14145.0,14150.0,14160.0,14165.0,1,3,3,2,7,4,3,2,1,2
20191128,16:07:56.0,2019-11-28 16:07:56,NI3M,LME,14130.0,0,2016,0.0,14355.0,14355.0,14110.0,0.0,0.0,1.7976931348623157e+308,1.7976931348623157e+308,0.0,14120.0,14110.0,14105.0,14100.0,14095.0,14130.0,14135.0,14140.0,14145.0,14150.0,1,4,2,7,1,2,5,4,2,2
20191128,16:08:00.0,2019-11-28 16:08:00,NI3M,LME,14130.0,0,2016,0.0,14355.0,14355.0,14110.0,0.0,0.0,1.7976931348623157e+308,1.7976931348623157e+308,0.0,14115.0,14110.0,14105.0,14100.0,14095.0,14120.0,14135.0,14140.0,14145.0,14150.0,1,4,2,7,1,2,3,2,2,2
20191128,16:08:00.0,2019-11-28 16:08:00,NI3M,LME,14115.0,0,2020,0.0,14355.0,14355.0,14110.0,0.0,0.0,1.7976931348623157e+308,1.7976931348623157e+308,0.0,14110.0,14105.0,14100.0,14095.0,14090.0,14120.0,14125.0,14130.0,14135.0,14140.0,1,2,7,1,1,2,2,2,3,2
20191128,16:08:02.0,2019-11-28 16:08:02,NI3M,LME,14110.0,0,2021,0.0,14355.0,14355.0,14110.0,0.0,0.0,1.7976931348623157e+308,1.7976931348623157e+308,0.0,14105.0,14105.0,14100.0,14095.0,14090.0,14115.0,14120.0,14125.0,14130.0,14135.0,2,2,7,1,2,2,4,2,2,2
20191128,16:08:11.0,2019-11-28 16:08:11,NI3M,LME,14100.0,0,2029,0.0,14355.0,14355.0,14100.0,0.0,0.0,1.7976931348623157e+308,1.7976931348623157e+308,0.0,14085.0,14080.0,14075.0,14070.0,14065.0,14100.0,14105.0,14110.0,14115.0,14120.0,1,2,1,3,3,1,2,3,4,3
20191128,16:08:11.0,2019-11-28 16:08:11,NI3M,LME,14100.0,0,2030,0.0,14355.0,14355.0,14100.0,0.0,0.0,1.7976931348623157e+308,1.7976931348623157e+308,0.0,14085.0,14080.0,14075.0,14065.0,14060.0,14100.0,14105.0,14110.0,14115.0,14120.0,1,2,1,2,3,2,4,3,4,2
20191128,16:08:11.0,2019-11-28 16:08:11,NI3M,LME,14100.0,0,2031,0.0,14355.0,14355.0,14100.0,0.0,0.0,1.7976931348623157e+308,1.7976931348623157e+308,0.0,14085.0,14080.0,14075.0,14065.0,14060.0,14095.0,14100.0,14105.0,14110.0,14115.0,1,2,1,2,3,2,3,2,3,2
20191128,16:08:12.0,2019-11-28 16:08:12,NI3M,LME,14100.0,0,2031,0.0,14355.0,14355.0,14100.0,0.0,0.0,1.7976931348623157e+308,1.7976931348623157e+308,0.0,14085.0,14080.0,14075.0,14065.0,14060.0,14095.0,14100.0,14105.0,14110.0,14115.0,1,3,1,2,3,4,1,2,3,1
20191128,16:08:16.0,2019-11-28 16:08:16,NI3M,LME,14095.0,0,2035,0.0,14355.0,14355.0,14095.0,0.0,0.0,1.7976931348623157e+308,1.7976931348623157e+308,0.0,14090.0,14085.0,14080.0,14075.0,14070.0,14110.0,14115.0,14120.0,14125.0,14130.0,2,2,3,1,1,2,1,2,1,2
20191128,16:08:17.0,2019-11-28 16:08:17,NI3M,LME,14095.0,0,2035,0.0,14355.0,14355.0,14095.0,0.0,0.0,1.7976931348623157e+308,1.7976931348623157e+308,0.0,14090.0,14085.0,14080.0,14075.0,14070.0,14110.0,14115.0,14120.0,14125.0,14130.0,3,2,2,1,3,4,2,2,2,2
20191128,16:08:18.0,2019-11-28 16:08:18,NI3M,LME,14095.0,0,2035,0.0,14355.0,14355.0,14095.0,0.0,0.0,1.7976931348623157e+308,1.7976931348623157e+308,0.0,14100.0,14090.0,14085.0,14080.0,14075.0,14110.0,14115.0,14120.0,14125.0,14130.0,2,2,2,2,1,1,1,2,2,3
20191128,16:08:20.0,2019-11-28 16:08:20,NI3M,LME,14095.0,0,2035,0.0,14355.0,14355.0,14095.0,0.0,0.0,1.7976931348623157e+308,1.7976931348623157e+308,0.0,14100.0,14090.0,14085.0,14080.0,14075.0,14105.0,14110.0,14115.0,14120.0,14125.0,2,2,2,2,1,1,1,1,2,2
20191128,16:08:24.0,2019-11-28 16:08:24,NI3M,LME,14100.0,0,2037,0.0,14355.0,14355.0,14095.0,0.0,0.0,1.7976931348623157e+308,1.7976931348623157e+308,0.0,14090.0,14085.0,14080.0,14075.0,14070.0,14100.0,14105.0,14110.0,14115.0,14120.0,2,2,2,1,2,1,3,1,2,2
20191128,16:08:28.0,2019-11-28 16:08:28,NI3M,LME,14100.0,0,2037,0.0,14355.0,14355.0,14095.0,0.0,0.0,1.7976931348623157e+308,1.7976931348623157e+308,0.0,14090.0,14080.0,14075.0,14070.0,14065.0,14100.0,14105.0,14110.0,14115.0,14120.0,1,2,1,2,2,4,3,1,2,1
20191128,16:08:31.0,2019-11-28 16:08:31,NI3M,LME,14090.0,0,2038,0.0,14355.0,14355.0,14090.0,0.0,0.0,1.7976931348623157e+308,1.7976931348623157e+308,0.0,14085.0,14080.0,14075.0,14070.0,14065.0,14100.0,14105.0,14110.0,14115.0,14120.0,2,2,1,2,2,3,3,1,2,1
20191128,16:08:35.0,2019-11-28 16:08:35,NI3M,LME,14090.0,0,2038,0.0,14355.0,14355.0,14090.0,0.0,0.0,1.7976931348623157e+308,1.7976931348623157e+308,0.0,14085.0,14080.0,14075.0,14070.0,14065.0,14100.0,14105.0,14110.0,14115.0,14120.0,1,2,1,2,2,3,3,1,2,1
20191128,16:08:36.0,2019-11-28 16:08:36,NI3M,LME,14090.0,0,2038,0.0,14355.0,14355.0,14090.0,0.0,0.0,1.7976931348623157e+308,1.7976931348623157e+308,0.0,14085.0,14080.0,14075.0,14070.0,14065.0,14090.0,14100.0,14105.0,14110.0,14115.0,1,2,1,2,2,1,5,1,1,1
20191128,16:08:37.0,2019-11-28 16:08:37,NI3M,LME,14090.0,0,2038,0.0,14355.0,14355.0,14090.0,0.0,0.0,1.7976931348623157e+308,1.7976931348623157e+308,0.0,14085.0,14080.0,14075.0,14070.0,14065.0,14090.0,14095.0,14100.0,14105.0,14110.0,1,2,1,2,2,3,2,2,1,1
20191128,16:08:38.0,2019-11-28 16:08:38,NI3M,LME,14075.0,0,2042,0.0,14355.0,14355.0,14075.0,0.0,0.0,1.7976931348623157e+308,1.7976931348623157e+308,0.0,14065.0,14060.0,14055.0,14050.0,14045.0,14075.0,14085.0,14090.0,14095.0,14100.0,2,1,6,25,6,7,1,3,1,2
20191128,16:08:39.0,2019-11-28 16:08:39,NI3M,LME,14075.0,0,2042,0.0,14355.0,14355.0,14075.0,0.0,0.0,1.7976931348623157e+308,1.7976931348623157e+308,0.0,14065.0,14060.0,14055.0,14050.0,14045.0,14075.0,14085.0,14090.0,14095.0,14100.0,2,3,6,25,5,9,1,1,1,2
20191128,16:08:42.0,2019-11-28 16:08:42,NI3M,LME,14075.0,0,2042,0.0,14355.0,14355.0,14075.0,0.0,0.0,1.7976931348623157e+308,1.7976931348623157e+308,0.0,14070.0,14060.0,14055.0,14050.0,14045.0,14075.0,14085.0,14090.0,14095.0,14100.0,1,1,5,25,5,9,1,1,1,2
20191128,16:08:46.0,2019-11-28 16:08:46,NI3M,LME,14070.0,0,2043,0.0,14355.0,14355.0,14070.0,0.0,0.0,1.7976931348623157e+308,1.7976931348623157e+308,0.0,14070.0,14065.0,14060.0,14055.0,14050.0,14075.0,14085.0,14090.0,14095.0,14100.0,1,2,1,5,25,9,1,1,1,2
20191128,16:08:49.0,2019-11-28 16:08:49,NI3M,LME,14060.0,0,2049,0.0,14355.0,14355.0,14060.0,0.0,0.0,1.7976931348623157e+308,1.7976931348623157e+308,0.0,14060.0,14055.0,14050.0,14045.0,14040.0,14075.0,14085.0,14090.0,14100.0,14105.0,1,5,25,1,2,3,1,1,1,1
20191128,16:08:50.0,2019-11-28 16:08:50,NI3M,LME,14075.0,0,2052,0.0,14355.0,14355.0,14060.0,0.0,0.0,1.7976931348623157e+308,1.7976931348623157e+308,0.0,14070.0,14065.0,14060.0,14055.0,14050.0,14085.0,14090.0,14100.0,14105.0,14110.0,2,2,2,7,25,1,1,1,3,2
20191128,16:08:51.0,2019-11-28 16:08:51,NI3M,LME,14085.0,0,2055,0.0,14355.0,14355.0,14060.0,0.0,0.0,1.7976931348623157e+308,1.7976931348623157e+308,0.0,14085.0,14070.0,14065.0,14060.0,14055.0,14090.0,14100.0,14105.0,14110.0,14115.0,1,4,2,2,5,1,1,3,2,2
20191128,16:08:51.0,2019-11-28 16:08:51,NI3M,LME,14085.0,0,2056,0.0,14355.0,14355.0,14060.0,0.0,0.0,1.7976931348623157e+308,1.7976931348623157e+308,0.0,14070.0,14065.0,14060.0,14055.0,14050.0,14090.0,14095.0,14100.0,14110.0,14115.0,4,2,2,3,25,2,2,2,1,1
20191128,16:08:54.0,2019-11-28 16:08:54,NI3M,LME,14085.0,0,2056,0.0,14355.0,14355.0,14060.0,0.0,0.0,1.7976931348623157e+308,1.7976931348623157e+308,0.0,14080.0,14075.0,14070.0,14065.0,14060.0,14090.0,14095.0,14100.0,14105.0,14110.0,1,1,4,6,5,1,2,2,1,1
20191128,16:08:58.0,2019-11-28 16:08:58,NI3M,LME,14080.0,0,2057,0.0,14355.0,14355.0,14060.0,0.0,0.0,1.7976931348623157e+308,1.7976931348623157e+308,0.0,14075.0,14070.0,14065.0,14060.0,14055.0,14080.0,14085.0,14090.0,14095.0,14100.0,1,2,5,4,3,1,1,1,1,1
20191128,16:08:58.0,2019-11-28 16:08:58,NI3M,LME,14080.0,0,2058,0.0,14355.0,14355.0,14060.0,0.0,0.0,1.7976931348623157e+308,1.7976931348623157e+308,0.0,14075.0,14070.0,14065.0,14060.0,14055.0,14080.0,14085.0,14090.0,14095.0,14100.0,1,2,5,4,3,1,1,1,1,1
20191128,16:09:01.0,2019-11-28 16:09:01,NI3M,LME,14080.0,0,2058,0.0,14355.0,14355.0,14060.0,0.0,0.0,1.7976931348623157e+308,1.7976931348623157e+308,0.0,14075.0,14070.0,14065.0,14060.0,14055.0,14090.0,14095.0,14100.0,14105.0,14110.0,2,4,5,2,4,1,2,2,1,1
20191128,16:09:03.0,2019-11-28 16:09:03,NI3M,LME,14080.0,0,2058,0.0,14355.0,14355.0,14060.0,0.0,0.0,1.7976931348623157e+308,1.7976931348623157e+308,0.0,14080.0,14070.0,14065.0,14060.0,14055.0,14090.0,14095.0,1.7976931348623157e+308,1.7976931348623157e+308,1.7976931348623157e+308,1,2,1,4,4,2,2,0,0,0
20191128,16:09:08.0,2019-11-28 16:09:08,NI3M,LME,14075.0,0,2059,0.0,14355.0,14355.0,14060.0,0.0,0.0,1.7976931348623157e+308,1.7976931348623157e+308,0.0,14075.0,14070.0,14065.0,14060.0,14055.0,14090.0,14095.0,14100.0,14105.0,14110.0,1,2,2,2,5,2,3,2,1,1
20191128,16:09:19.0,2019-11-28 16:09:19,NI3M,LME,14075.0,0,2059,0.0,14355.0,14355.0,14060.0,0.0,0.0,1.7976931348623157e+308,1.7976931348623157e+308,0.0,14075.0,14070.0,14065.0,14060.0,14055.0,14090.0,14095.0,14100.0,14105.0,14110.0,2,2,4,2,4,3,2,2,1,1
20191128,16:09:20.0,2019-11-28 16:09:20,NI3M,LME,14075.0,0,2059,0.0,14355.0,14355.0,14060.0,0.0,0.0,1.7976931348623157e+308,1.7976931348623157e+308,0.0,14080.0,14075.0,14070.0,14065.0,14060.0,14090.0,14095.0,14100.0,14105.0,14110.0,2,3,3,3,2,2,2,2,1,1
20191128,16:09:21.0,2019-11-28 16:09:21,NI3M,LME,14075.0,0,2059,0.0,14355.0,14355.0,14060.0,0.0,0.0,1.7976931348623157e+308,1.7976931348623157e+308,0.0,14080.0,14075.0,14070.0,14065.0,14060.0,14090.0,14095.0,14100.0,14105.0,14110.0,2,3,2,3,2,1,2,2,1,1
20191128,16:09:22.0,2019-11-28 16:09:22,NI3M,LME,14080.0,0,2060,0.0,14355.0,14355.0,14060.0,0.0,0.0,1.7976931348623157e+308,1.7976931348623157e+308,0.0,14080.0,14075.0,14070.0,14065.0,14060.0,14090.0,14095.0,14100.0,14105.0,14110.0,1,2,3,3,2,1,2,2,1,1
20191128,16:09:23.0,2019-11-28 16:09:23,NI3M,LME,14080.0,0,2061,0.0,14355.0,14355.0,14060.0,0.0,0.0,1.7976931348623157e+308,1.7976931348623157e+308,0.0,14080.0,14070.0,14065.0,14060.0,14055.0,14085.0,14095.0,14100.0,14105.0,14110.0,1,3,3,2,4,1,2,2,1,1
20191128,16:09:25.0,2019-11-28 16:09:25,NI3M,LME,14080.0,0,2061,0.0,14355.0,14355.0,14060.0,0.0,0.0,1.7976931348623157e+308,1.7976931348623157e+308,0.0,14080.0,14070.0,14065.0,14060.0,14055.0,14085.0,14090.0,14095.0,14100.0,14105.0,2,3,3,2,4,1,2,2,2,1
20191128,16:09:26.0,2019-11-28 16:09:26,NI3M,LME,14080.0,0,2061,0.0,14355.0,14355.0,14060.0,0.0,0.0,1.7976931348623157e+308,1.7976931348623157e+308,0.0,14080.0,14070.0,14065.0,14060.0,14055.0,14090.0,14095.0,14100.0,14105.0,14110.0,1,3,3,2,4,1,2,2,1,1
20191128,16:09:27.0,2019-11-28 16:09:27,NI3M,LME,14080.0,0,2061,0.0,14355.0,14355.0,14060.0,0.0,0.0,1.7976931348623157e+308,1.7976931348623157e+308,0.0,14080.0,14070.0,14065.0,14060.0,14055.0,14095.0,14095.0,14100.0,14105.0,14110.0,1,3,3,2,4,2,2,2,1,1
20191128,16:09:28.0,2019-11-28 16:09:28,NI3M,LME,14080.0,0,2061,0.0,14355.0,14355.0,14060.0,0.0,0.0,1.7976931348623157e+308,1.7976931348623157e+308,0.0,14085.0,14070.0,14065.0,14060.0,14055.0,14090.0,14095.0,14100.0,14105.0,14110.0,1,3,3,2,4,1,2,2,2,1
20191128,16:09:28.0,2019-11-28 16:09:28,NI3M,LME,14085.0,0,2064,0.0,14355.0,14355.0,14060.0,0.0,0.0,1.7976931348623157e+308,1.7976931348623157e+308,0.0,14085.0,14070.0,14065.0,14060.0,14055.0,14090.0,14095.0,14100.0,14105.0,14110.0,1,2,3,2,4,2,2,2,2,1
20191128,16:09:29.0,2019-11-28 16:09:29,NI3M,LME,14085.0,0,2065,0.0,14355.0,14355.0,14060.0,0.0,0.0,1.7976931348623157e+308,1.7976931348623157e+308,0.0,14085.0,14070.0,14065.0,14060.0,14055.0,14090.0,14095.0,14100.0,14105.0,14110.0,1,2,3,2,4,2,2,2,2,1
20191128,16:09:30.0,2019-11-28 16:09:30,NI3M,LME,14085.0,0,2065,0.0,14355.0,14355.0,14060.0,0.0,0.0,1.7976931348623157e+308,1.7976931348623157e+308,0.0,14070.0,14065.0,14060.0,14055.0,14050.0,14090.0,14095.0,14100.0,14105.0,14110.0,3,5,3,4,25,3,2,2,2,1
20191128,16:09:31.0,2019-11-28 16:09:31,NI3M,LME,14085.0,0,2065,0.0,14355.0,14355.0,14060.0,0.0,0.0,1.7976931348623157e+308,1.7976931348623157e+308,0.0,14075.0,14070.0,14065.0,14060.0,14055.0,14090.0,14095.0,14100.0,14105.0,14110.0,2,3,4,3,4,3,2,2,2,1
20191128,16:09:35.0,2019-11-28 16:09:35,NI3M,LME,14085.0,0,2065,0.0,14355.0,14355.0,14060.0,0.0,0.0,1.7976931348623157e+308,1.7976931348623157e+308,0.0,14075.0,14070.0,14065.0,14060.0,14055.0,14080.0,14085.0,14090.0,14095.0,14100.0,1,3,4,2,5,1,1,4,1,1
20191128,16:09:36.0,2019-11-28 16:09:36,NI3M,LME,14085.0,0,2065,0.0,14355.0,14355.0,14060.0,0.0,0.0,1.7976931348623157e+308,1.7976931348623157e+308,0.0,14075.0,14070.0,14065.0,14060.0,14055.0,14080.0,14085.0,14090.0,14095.0,14100.0,1,1,3,2,5,3,1,2,1,1
20191128,16:09:39.0,2019-11-28 16:09:39,NI3M,LME,14080.0,0,2066,0.0,14355.0,14355.0,14060.0,0.0,0.0,1.7976931348623157e+308,1.7976931348623157e+308,0.0,14075.0,14070.0,14065.0,14060.0,14055.0,14080.0,14090.0,14095.0,14100.0,14105.0,1,1,3,2,5,2,1,2,2,1
20191128,16:09:39.0,2019-11-28 16:09:39,NI3M,LME,14090.0,0,2069,0.0,14355.0,14355.0,14060.0,0.0,0.0,1.7976931348623157e+308,1.7976931348623157e+308,0.0,14075.0,14070.0,14065.0,14060.0,14055.0,14080.0,14095.0,14100.0,14105.0,14110.0,2,1,3,2,5,2,2,2,1,1
20191128,16:09:40.0,2019-11-28 16:09:40,NI3M,LME,14080.0,0,2071,0.0,14355.0,14355.0,14060.0,0.0,0.0,1.7976931348623157e+308,1.7976931348623157e+308,0.0,14075.0,14070.0,14065.0,14060.0,14055.0,14090.0,14095.0,14100.0,14105.0,14110.0,2,1,4,2,5,1,2,2,1,1
20191128,16:09:41.0,2019-11-28 16:09:41,NI3M,LME,14080.0,0,2071,0.0,14355.0,14355.0,14060.0,0.0,0.0,1.7976931348623157e+308,1.7976931348623157e+308,0.0,14080.0,14070.0,14065.0,14060.0,14055.0,14090.0,14095.0,14100.0,14105.0,14110.0,1,2,6,2,5,1,2,2,1,1
20191128,16:09:42.0,2019-11-28 16:09:42,NI3M,LME,14080.0,0,2071,0.0,14355.0,14355.0,14060.0,0.0,0.0,1.7976931348623157e+308,1.7976931348623157e+308,0.0,14080.0,14070.0,14065.0,14060.0,14055.0,14090.0,14095.0,14100.0,14105.0,14110.0,1,2,3,2,5,2,2,2,1,1
20191128,16:09:45.0,2019-11-28 16:09:45,NI3M,LME,14080.0,0,2072,0.0,14355.0,14355.0,14060.0,0.0,0.0,1.7976931348623157e+308,1.7976931348623157e+308,0.0,14070.0,14065.0,14060.0,14055.0,14050.0,14085.0,14090.0,14095.0,14100.0,14105.0,2,3,2,5,25,1,2,2,2,1
20191128,16:09:46.0,2019-11-28 16:09:46,NI3M,LME,14080.0,0,2072,0.0,14355.0,14355.0,14060.0,0.0,0.0,1.7976931348623157e+308,1.7976931348623157e+308,0.0,14070.0,14065.0,14060.0,14055.0,14050.0,14090.0,14095.0,14100.0,14105.0,14110.0,3,5,3,5,25,1,2,2,1,1
20191128,16:09:48.0,2019-11-28 16:09:48,NI3M,LME,14080.0,0,2072,0.0,14355.0,14355.0,14060.0,0.0,0.0,1.7976931348623157e+308,1.7976931348623157e+308,0.0,14070.0,14065.0,14060.0,14055.0,14050.0,14090.0,14095.0,14100.0,14105.0,14110.0,3,5,3,5,25,2,2,2,2,1
20191128,16:09:55.0,2019-11-28 16:09:55,NI3M,LME,14080.0,0,2072,0.0,14355.0,14355.0,14060.0,0.0,0.0,1.7976931348623157e+308,1.7976931348623157e+308,0.0,14075.0,14065.0,14060.0,14055.0,14050.0,14090.0,14095.0,14100.0,14105.0,14110.0,1,6,2,5,25,2,2,2,1,1
20191128,16:09:56.0,2019-11-28 16:09:56,NI3M,LME,14080.0,0,2072,0.0,14355.0,14355.0,14060.0,0.0,0.0,1.7976931348623157e+308,1.7976931348623157e+308,0.0,14075.0,14070.0,14065.0,14060.0,14055.0,14090.0,14095.0,14100.0,14105.0,14110.0,1,2,6,2,5,2,2,2,1,1
20191128,16:09:57.0,2019-11-28 16:09:57,NI3M,LME,14080.0,0,2072,0.0,14355.0,14355.0,14060.0,0.0,0.0,1.7976931348623157e+308,1.7976931348623157e+308,0.0,14075.0,14070.0,14065.0,14060.0,14055.0,14080.0,14095.0,14100.0,14105.0,14110.0,2,2,5,2,5,2,2,2,1,1
20191128,16:10:01.0,2019-11-28 16:10:01,NI3M,LME,14075.0,0,2073,0.0,14355.0,14355.0,14060.0,0.0,0.0,1.7976931348623157e+308,1.7976931348623157e+308,0.0,14075.0,14070.0,14065.0,14060.0,14055.0,14080.0,14090.0,14095.0,14100.0,14105.0,1,2,3,2,5,2,2,2,2,1
20191128,16:10:03.0,2019-11-28 16:10:03,NI3M,LME,14080.0,0,2075,0.0,14355.0,14355.0,14060.0,0.0,0.0,1.7976931348623157e+308,1.7976931348623157e+308,0.0,14075.0,14070.0,14065.0,14060.0,14055.0,14090.0,14095.0,14100.0,14105.0,14110.0,3,2,3,2,5,2,2,2,1,1
20191128,16:10:04.0,2019-11-28 16:10:04,NI3M,LME,14080.0,0,2075,0.0,14355.0,14355.0,14060.0,0.0,0.0,1.7976931348623157e+308,1.7976931348623157e+308,0.0,14080.0,14075.0,14070.0,14065.0,14060.0,14085.0,14095.0,14100.0,14105.0,14110.0,2,1,3,2,2,1,2,2,1,1
20191128,16:10:05.0,2019-11-28 16:10:05,NI3M,LME,14080.0,0,2075,0.0,14355.0,14355.0,14060.0,0.0,0.0,1.7976931348623157e+308,1.7976931348623157e+308,0.0,14080.0,14075.0,14070.0,14065.0,14060.0,14085.0,14090.0,14095.0,14100.0,14105.0,2,1,3,2,2,2,2,2,2,1
20191128,16:10:06.0,2019-11-28 16:10:06,NI3M,LME,14080.0,0,2075,0.0,14355.0,14355.0,14060.0,0.0,0.0,1.7976931348623157e+308,1.7976931348623157e+308,0.0,14080.0,14075.0,14070.0,14060.0,14055.0,14085.0,14090.0,14095.0,14100.0,14105.0,4,1,3,4,7,2,2,2,2,1
20191128,16:10:07.0,2019-11-28 16:10:07,NI3M,LME,14085.0,0,2076,0.0,14355.0,14355.0,14060.0,0.0,0.0,1.7976931348623157e+308,1.7976931348623157e+308,0.0,14080.0,14075.0,14070.0,14060.0,14055.0,14085.0,14090.0,14095.0,14100.0,14105.0,4,1,3,4,7,2,2,2,2,1
20191128,16:10:07.0,2019-11-28 16:10:07,NI3M,LME,14080.0,0,2077,0.0,14355.0,14355.0,14060.0,0.0,0.0,1.7976931348623157e+308,1.7976931348623157e+308,0.0,14080.0,14075.0,14070.0,14060.0,14055.0,14085.0,14090.0,14095.0,14100.0,14105.0,4,1,3,4,7,2,2,2,2,1
20191128,16:10:09.0,2019-11-28 16:10:09,NI3M,LME,14080.0,0,2079,0.0,14355.0,14355.0,14060.0,0.0,0.0,1.7976931348623157e+308,1.7976931348623157e+308,0.0,14080.0,14075.0,14070.0,14060.0,14055.0,14085.0,14090.0,14095.0,14100.0,14105.0,2,1,3,4,5,2,1,2,2,2
20191128,16:10:14.0,2019-11-28 16:10:14,NI3M,LME,14080.0,0,2080,0.0,14355.0,14355.0,14060.0,0.0,0.0,1.7976931348623157e+308,1.7976931348623157e+308,0.0,14080.0,14075.0,14070.0,14060.0,14055.0,14085.0,14090.0,14095.0,14100.0,14105.0,2,1,3,4,5,2,1,1,1,2
20191128,16:10:14.0,2019-11-28 16:10:14,NI3M,LME,14080.0,0,2081,0.0,14355.0,14355.0,14060.0,0.0,0.0,1.7976931348623157e+308,1.7976931348623157e+308,0.0,14080.0,14075.0,14070.0,14060.0,14055.0,14085.0,14090.0,14095.0,14100.0,14105.0,2,1,3,4,5,2,1,1,1,2
20191128,16:10:16.0,2019-11-28 16:10:16,NI3M,LME,14080.0,0,2082,0.0,14355.0,14355.0,14060.0,0.0,0.0,1.7976931348623157e+308,1.7976931348623157e+308,0.0,14080.0,14075.0,14070.0,14060.0,14055.0,14085.0,14090.0,14095.0,14100.0,14105.0,2,1,2,4,5,2,1,1,1,2
20191128,16:10:22.0,2019-11-28 16:10:22,NI3M,LME,14080.0,0,2083,0.0,14355.0,14355.0,14060.0,0.0,0.0,1.7976931348623157e+308,1.7976931348623157e+308,0.0,14080.0,14070.0,14065.0,14060.0,14055.0,14085.0,14090.0,14095.0,14100.0,14105.0,1,3,2,2,5,2,1,1,1,1
20191128,16:10:28.0,2019-11-28 16:10:28,NI3M,LME,14080.0,0,2084,0.0,14355.0,14355.0,14060.0,0.0,0.0,1.7976931348623157e+308,1.7976931348623157e+308,0.0,14080.0,14070.0,14065.0,14060.0,14055.0,14085.0,14090.0,14095.0,14100.0,14105.0,1,3,2,2,5,2,1,1,1,1
20191128,16:10:29.0,2019-11-28 16:10:29,NI3M,LME,14080.0,0,2085,0.0,14355.0,14355.0,14060.0,0.0,0.0,1.7976931348623157e+308,1.7976931348623157e+308,0.0,14070.0,14065.0,14060.0,14055.0,14050.0,14080.0,14085.0,14090.0,14095.0,14100.0,2,2,2,5,29,1,1,1,1,1
20191128,16:10:29.0,2019-11-28 16:10:29,NI3M,LME,14075.0,0,2086,0.0,14355.0,14355.0,14060.0,0.0,0.0,1.7976931348623157e+308,1.7976931348623157e+308,0.0,14070.0,14065.0,14060.0,14055.0,14050.0,14090.0,14095.0,14100.0,14105.0,14110.0,3,3,4,5,29,1,1,3,1,2
20191128,16:10:32.0,2019-11-28 16:10:32,NI3M,LME,14075.0,0,2086,0.0,14355.0,14355.0,14060.0,0.0,0.0,1.7976931348623157e+308,1.7976931348623157e+308,0.0,14075.0,14065.0,14060.0,14055.0,14050.0,14090.0,14095.0,14100.0,14105.0,14110.0,1,3,5,5,29,1,1,3,1,2
20191128,16:10:35.0,2019-11-28 16:10:35,NI3M,LME,14075.0,0,2086,0.0,14355.0,14355.0,14060.0,0.0,0.0,1.7976931348623157e+308,1.7976931348623157e+308,0.0,14075.0,14070.0,14065.0,14060.0,14055.0,14090.0,14095.0,14100.0,14105.0,14110.0,3,3,3,3,5,1,1,3,1,2
20191128,16:10:39.0,2019-11-28 16:10:39,NI3M,LME,14075.0,0,2086,0.0,14355.0,14355.0,14060.0,0.0,0.0,1.7976931348623157e+308,1.7976931348623157e+308,0.0,14080.0,14075.0,14070.0,14065.0,14060.0,14090.0,14095.0,14100.0,14105.0,14110.0,2,3,4,2,3,1,1,3,1,2
20191128,16:10:43.0,2019-11-28 16:10:43,NI3M,LME,14080.0,0,2087,0.0,14355.0,14355.0,14060.0,0.0,0.0,1.7976931348623157e+308,1.7976931348623157e+308,0.0,14080.0,14075.0,14070.0,14065.0,14060.0,14090.0,14095.0,14100.0,14105.0,14110.0,2,3,4,2,3,1,1,3,1,2
20191128,16:10:43.0,2019-11-28 16:10:43,NI3M,LME,14080.0,0,2088,0.0,14355.0,14355.0,14060.0,0.0,0.0,1.7976931348623157e+308,1.7976931348623157e+308,0.0,14075.0,14070.0,14065.0,14065.0,14060.0,14090.0,14095.0,14100.0,14105.0,14110.0,3,4,2,2,3,1,1,3,1,2
20191128,16:10:47.0,2019-11-28 16:10:47,NI3M,LME,14080.0,0,2088,0.0,14355.0,14355.0,14060.0,0.0,0.0,1.7976931348623157e+308,1.7976931348623157e+308,0.0,14075.0,14070.0,14065.0,14060.0,14055.0,14090.0,14095.0,14100.0,14105.0,14110.0,2,4,2,3,7,3,1,1,1,3
20191128,16:10:48.0,2019-11-28 16:10:48,NI3M,LME,14075.0,0,2091,0.0,14355.0,14355.0,14060.0,0.0,0.0,1.7976931348623157e+308,1.7976931348623157e+308,0.0,14070.0,14065.0,14060.0,14055.0,14050.0,14075.0,14090.0,14095.0,14100.0,14105.0,1,3,3,7,29,2,3,1,1,1
20191128,16:10:49.0,2019-11-28 16:10:49,NI3M,LME,14075.0,0,2093,0.0,14355.0,14355.0,14060.0,0.0,0.0,1.7976931348623157e+308,1.7976931348623157e+308,0.0,14070.0,14065.0,14060.0,14055.0,14050.0,14090.0,14095.0,14100.0,14105.0,14110.0,1,3,3,7,29,3,1,1,1,3
20191128,16:10:51.0,2019-11-28 16:10:51,NI3M,LME,14075.0,0,2093,0.0,14355.0,14355.0,14060.0,0.0,0.0,1.7976931348623157e+308,1.7976931348623157e+308,0.0,14085.0,14065.0,14060.0,14055.0,14050.0,14090.0,14095.0,14100.0,14105.0,14110.0,5,2,4,7,29,3,1,1,1,3
20191128,16:10:51.0,2019-11-28 16:10:51,NI3M,LME,14085.0,0,2098,0.0,14355.0,14355.0,14060.0,0.0,0.0,1.7976931348623157e+308,1.7976931348623157e+308,0.0,14085.0,14075.0,14070.0,14065.0,14060.0,14090.0,14095.0,14100.0,14105.0,14110.0,5,1,2,2,3,3,1,1,1,3
20191128,16:10:53.0,2019-11-28 16:10:53,NI3M,LME,14085.0,0,2098,0.0,14355.0,14355.0,14060.0,0.0,0.0,1.7976931348623157e+308,1.7976931348623157e+308,0.0,14085.0,14075.0,14070.0,14065.0,14060.0,14090.0,14095.0,14100.0,14105.0,14110.0,5,1,2,2,5,2,1,1,1,3
20191128,16:10:54.0,2019-11-28 16:10:54,NI3M,LME,14085.0,0,2103,0.0,14355.0,14355.0,14060.0,0.0,0.0,1.7976931348623157e+308,1.7976931348623157e+308,0.0,14085.0,14075.0,14070.0,14065.0,14060.0,14090.0,14095.0,14100.0,14105.0,14110.0,5,1,2,2,5,2,1,1,1,3
20191128,16:10:58.0,2019-11-28 16:10:58,NI3M,LME,14090.0,0,2105,0.0,14355.0,14355.0,14060.0,0.0,0.0,1.7976931348623157e+308,1.7976931348623157e+308,0.0,14090.0,14075.0,14070.0,14065.0,14060.0,14095.0,14100.0,14105.0,14110.0,14115.0,2,1,2,2,5,1,1,1,3,2
20191128,16:11:01.0,2019-11-28 16:11:01,NI3M,LME,14085.0,0,2110,0.0,14355.0,14355.0,14060.0,0.0,0.0,1.7976931348623157e+308,1.7976931348623157e+308,0.0,14085.0,14075.0,14070.0,14065.0,14060.0,14100.0,14105.0,14110.0,14115.0,14120.0,2,4,2,2,5,2,1,3,2,1
20191128,16:11:10.0,2019-11-28 16:11:10,NI3M,LME,14085.0,0,2110,0.0,14355.0,14355.0,14060.0,0.0,0.0,1.7976931348623157e+308,1.7976931348623157e+308,0.0,14090.0,14085.0,14080.0,14075.0,14070.0,14100.0,14105.0,14110.0,14115.0,14120.0,1,2,2,6,2,1,1,3,2,1
20191128,16:11:11.0,2019-11-28 16:11:11,NI3M,LME,14085.0,0,2110,0.0,14355.0,14355.0,14060.0,0.0,0.0,1.7976931348623157e+308,1.7976931348623157e+308,0.0,14090.0,14085.0,14080.0,14075.0,14070.0,14100.0,14105.0,14110.0,14115.0,14120.0,2,2,2,6,2,1,1,3,2,1
20191128,16:11:13.0,2019-11-28 16:11:13,NI3M,LME,14085.0,0,2110,0.0,14355.0,14355.0,14060.0,0.0,0.0,1.7976931348623157e+308,1.7976931348623157e+308,0.0,14090.0,14085.0,14075.0,14070.0,14065.0,14105.0,14110.0,14115.0,14120.0,14125.0,2,6,3,2,2,1,1,2,1,1
20191128,16:11:16.0,2019-11-28 16:11:16,NI3M,LME,14085.0,0,2110,0.0,14355.0,14355.0,14060.0,0.0,0.0,1.7976931348623157e+308,1.7976931348623157e+308,0.0,14090.0,14085.0,14075.0,14070.0,14065.0,14105.0,14110.0,14115.0,14120.0,14125.0,5,6,3,2,2,1,1,2,1,1
20191128,16:11:29.0,2019-11-28 16:11:29,NI3M,LME,14095.0,0,2111,0.0,14355.0,14355.0,14060.0,0.0,0.0,1.7976931348623157e+308,1.7976931348623157e+308,0.0,14095.0,14090.0,14085.0,14080.0,14075.0,14105.0,14110.0,14115.0,14120.0,14125.0,1,2,3,4,3,1,1,2,1,1
20191128,16:11:37.0,2019-11-28 16:11:37,NI3M,LME,14095.0,0,2112,0.0,14355.0,14355.0,14060.0,0.0,0.0,1.7976931348623157e+308,1.7976931348623157e+308,0.0,14095.0,14090.0,14085.0,14080.0,14075.0,14105.0,14110.0,14115.0,14120.0,14125.0,1,2,3,4,3,1,1,2,1,1
20191128,16:11:41.0,2019-11-28 16:11:41,NI3M,LME,14095.0,0,2113,0.0,14355.0,14355.0,14060.0,0.0,0.0,1.7976931348623157e+308,1.7976931348623157e+308,0.0,14090.0,14085.0,14080.0,14075.0,14070.0,14105.0,14110.0,14115.0,14120.0,14125.0,3,3,4,2,2,1,1,2,1,1
20191128,16:11:42.0,2019-11-28 16:11:42,NI3M,LME,14095.0,0,2113,0.0,14355.0,14355.0,14060.0,0.0,0.0,1.7976931348623157e+308,1.7976931348623157e+308,0.0,14090.0,14085.0,14080.0,14075.0,14070.0,14105.0,14110.0,14115.0,14120.0,14125.0,2,3,5,2,2,1,1,2,1,1
20191128,16:11:53.0,2019-11-28 16:11:53,NI3M,LME,14095.0,0,2113,0.0,14355.0,14355.0,14060.0,0.0,0.0,1.7976931348623157e+308,1.7976931348623157e+308,0.0,14100.0,14090.0,14085.0,14080.0,14075.0,14105.0,14110.0,14115.0,14120.0,14125.0,1,3,3,5,3,1,1,2,1,1
20191128,16:11:54.0,2019-11-28 16:11:54,NI3M,LME,14095.0,0,2113,0.0,14355.0,14355.0,14060.0,0.0,0.0,1.7976931348623157e+308,1.7976931348623157e+308,0.0,14100.0,14090.0,14085.0,14080.0,14075.0,14105.0,14110.0,14115.0,14120.0,14125.0,1,3,5,5,3,3,1,2,1,1
20191128,16:11:55.0,2019-11-28 16:11:55,NI3M,LME,14100.0,0,2115,0.0,14355.0,14355.0,14060.0,0.0,0.0,1.7976931348623157e+308,1.7976931348623157e+308,0.0,14100.0,14090.0,14085.0,14080.0,14075.0,14105.0,14110.0,14115.0,14120.0,14125.0,1,3,5,5,3,4,1,2,1,1
20191128,16:12:06.0,2019-11-28 16:12:06,NI3M,LME,14100.0,0,2118,0.0,14355.0,14355.0,14060.0,0.0,0.0,1.7976931348623157e+308,1.7976931348623157e+308,0.0,14090.0,14085.0,14080.0,14075.0,14070.0,14100.0,14105.0,14110.0,14115.0,14120.0,3,3,5,3,2,1,3,1,2,1
20191128,16:12:07.0,2019-11-28 16:12:07,NI3M,LME,14100.0,0,2118,0.0,14355.0,14355.0,14060.0,0.0,0.0,1.7976931348623157e+308,1.7976931348623157e+308,0.0,14095.0,14090.0,14085.0,14080.0,14075.0,14100.0,14105.0,14110.0,14115.0,14120.0,1,3,3,5,3,1,2,1,2,1
20191128,16:12:08.0,2019-11-28 16:12:08,NI3M,LME,14100.0,0,2118,0.0,14355.0,14355.0,14060.0,0.0,0.0,1.7976931348623157e+308,1.7976931348623157e+308,0.0,14095.0,14090.0,14085.0,14080.0,14075.0,14100.0,14105.0,14110.0,14115.0,14120.0,1,3,3,5,3,2,1,1,2,1
20191128,16:12:11.0,2019-11-28 16:12:11,NI3M,LME,14100.0,0,2118,0.0,14355.0,14355.0,14060.0,0.0,0.0,1.7976931348623157e+308,1.7976931348623157e+308,0.0,14090.0,14085.0,14080.0,14075.0,14070.0,14100.0,14105.0,14110.0,14115.0,14120.0,1,4,5,4,3,2,1,1,2,1
20191128,16:12:25.0,2019-11-28 16:12:25,NI3M,LME,14100.0,0,2118,0.0,14355.0,14355.0,14060.0,0.0,0.0,1.7976931348623157e+308,1.7976931348623157e+308,0.0,14090.0,14085.0,14080.0,14075.0,14070.0,14100.0,14105.0,14110.0,14115.0,14120.0,2,4,5,4,3,2,1,1,2,1
20191128,16:12:27.0,2019-11-28 16:12:27,NI3M,LME,14100.0,0,2118,0.0,14355.0,14355.0,14060.0,0.0,0.0,1.7976931348623157e+308,1.7976931348623157e+308,0.0,14090.0,14085.0,14080.0,14075.0,14070.0,14100.0,14105.0,14110.0,14115.0,14120.0,3,5,5,3,2,2,1,1,2,1
20191128,16:12:31.0,2019-11-28 16:12:31,NI3M,LME,14100.0,0,2118,0.0,14355.0,14355.0,14060.0,0.0,0.0,1.7976931348623157e+308,1.7976931348623157e+308,0.0,14090.0,14085.0,14080.0,14075.0,14070.0,14100.0,14105.0,14110.0,14115.0,14120.0,2,5,5,3,2,2,1,1,2,1
20191128,16:12:45.0,2019-11-28 16:12:45,NI3M,LME,14100.0,0,2118,0.0,14355.0,14355.0,14060.0,0.0,0.0,1.7976931348623157e+308,1.7976931348623157e+308,0.0,14090.0,14085.0,14080.0,14075.0,14070.0,14095.0,14105.0,14110.0,14115.0,14120.0,2,4,5,3,3,1,1,1,2,1
20191128,16:12:47.0,2019-11-28 16:12:47,NI3M,LME,14095.0,0,2119,0.0,14355.0,14355.0,14060.0,0.0,0.0,1.7976931348623157e+308,1.7976931348623157e+308,0.0,14090.0,14085.0,14080.0,14075.0,14070.0,14100.0,14105.0,14110.0,14115.0,14120.0,1,2,5,3,3,2,1,1,2,1
20191128,16:12:53.0,2019-11-28 16:12:53,NI3M,LME,14100.0,0,2120,0.0,14355.0,14355.0,14060.0,0.0,0.0,1.7976931348623157e+308,1.7976931348623157e+308,0.0,14095.0,14090.0,14085.0,14080.0,14075.0,14100.0,14105.0,14110.0,14115.0,14120.0,1,1,4,5,3,1,1,1,2,1
20191128,16:12:55.0,2019-11-28 16:12:55,NI3M,LME,14100.0,0,2120,0.0,14355.0,14355.0,14060.0,0.0,0.0,1.7976931348623157e+308,1.7976931348623157e+308,0.0,14090.0,14085.0,14080.0,14075.0,14070.0,14100.0,14105.0,14110.0,14115.0,14120.0,1,5,2,3,2,1,1,1,2,1
20191128,16:12:56.0,2019-11-28 16:12:56,NI3M,LME,14100.0,0,2120,0.0,14355.0,14355.0,14060.0,0.0,0.0,1.7976931348623157e+308,1.7976931348623157e+308,0.0,14090.0,14085.0,14080.0,14075.0,14070.0,14100.0,14105.0,14110.0,14115.0,14120.0,2,5,2,3,2,1,1,1,2,1
20191128,16:12:57.0,2019-11-28 16:12:57,NI3M,LME,14100.0,0,2120,0.0,14355.0,14355.0,14060.0,0.0,0.0,1.7976931348623157e+308,1.7976931348623157e+308,0.0,14090.0,14085.0,14080.0,14075.0,14070.0,14105.0,14110.0,14115.0,14120.0,14125.0,2,5,2,3,2,2,1,2,1,1
20191128,16:13:03.0,2019-11-28 16:13:03,NI3M,LME,14100.0,0,2120,0.0,14355.0,14355.0,14060.0,0.0,0.0,1.7976931348623157e+308,1.7976931348623157e+308,0.0,14095.0,14090.0,14085.0,14080.0,14075.0,14105.0,14110.0,14115.0,14120.0,14125.0,1,2,5,1,3,2,1,2,1,1
20191128,16:13:07.0,2019-11-28 16:13:07,NI3M,LME,14100.0,0,2120,0.0,14355.0,14355.0,14060.0,0.0,0.0,1.7976931348623157e+308,1.7976931348623157e+308,0.0,14095.0,14090.0,14085.0,14080.0,14075.0,14100.0,14110.0,14115.0,14120.0,14125.0,1,2,5,1,3,2,1,2,1,1
20191128,16:13:08.0,2019-11-28 16:13:08,NI3M,LME,14100.0,0,2120,0.0,14355.0,14355.0,14060.0,0.0,0.0,1.7976931348623157e+308,1.7976931348623157e+308,0.0,14090.0,14085.0,14080.0,14075.0,14070.0,14100.0,14105.0,14110.0,14115.0,14120.0,1,5,2,3,2,2,2,1,2,1
20191128,16:13:10.0,2019-11-28 16:13:10,NI3M,LME,14100.0,0,2120,0.0,14355.0,14355.0,14060.0,0.0,0.0,1.7976931348623157e+308,1.7976931348623157e+308,0.0,14090.0,14085.0,14080.0,14075.0,14070.0,14100.0,14105.0,14110.0,14115.0,14120.0,1,5,2,3,2,3,2,1,2,1
20191128,16:13:25.0,2019-11-28 16:13:25,NI3M,LME,14100.0,0,2121,0.0,14355.0,14355.0,14060.0,0.0,0.0,1.7976931348623157e+308,1.7976931348623157e+308,0.0,14090.0,14085.0,14080.0,14075.0,14070.0,14100.0,14105.0,14110.0,14115.0,14120.0,1,5,2,3,2,3,1,1,2,1
20191128,16:13:26.0,2019-11-28 16:13:26,NI3M,LME,14100.0,0,2121,0.0,14355.0,14355.0,14060.0,0.0,0.0,1.7976931348623157e+308,1.7976931348623157e+308,0.0,14090.0,14085.0,14080.0,14075.0,14070.0,14100.0,14105.0,14110.0,14115.0,14120.0,2,5,2,3,2,2,1,1,2,1
20191128,16:13:30.0,2019-11-28 16:13:30,NI3M,LME,14100.0,0,2121,0.0,14355.0,14355.0,14060.0,0.0,0.0,1.7976931348623157e+308,1.7976931348623157e+308,0.0,14095.0,14090.0,14085.0,14080.0,14075.0,14100.0,14105.0,14110.0,14115.0,14120.0,1,2,5,2,3,2,1,1,2,1
20191128,16:13:36.0,2019-11-28 16:13:36,NI3M,LME,14100.0,0,2124,0.0,14355.0,14355.0,14060.0,0.0,0.0,1.7976931348623157e+308,1.7976931348623157e+308,0.0,14095.0,14090.0,14085.0,14080.0,14075.0,14100.0,14105.0,14110.0,14115.0,14120.0,2,2,5,2,2,1,1,1,2,1
20191128,16:13:38.0,2019-11-28 16:13:38,NI3M,LME,14100.0,0,2125,0.0,14355.0,14355.0,14060.0,0.0,0.0,1.7976931348623157e+308,1.7976931348623157e+308,0.0,14095.0,14090.0,14085.0,14080.0,14075.0,14100.0,14110.0,14115.0,14120.0,14125.0,2,2,5,2,2,2,1,2,1,1
20191128,16:13:38.0,2019-11-28 16:13:38,NI3M,LME,14100.0,0,2127,0.0,14355.0,14355.0,14060.0,0.0,0.0,1.7976931348623157e+308,1.7976931348623157e+308,0.0,14095.0,14090.0,14085.0,14080.0,14075.0,14100.0,14110.0,14115.0,14120.0,14125.0,2,2,5,2,2,2,1,2,1,1
20191128,16:13:38.0,2019-11-28 16:13:38,NI3M,LME,14100.0,0,2129,0.0,14355.0,14355.0,14060.0,0.0,0.0,1.7976931348623157e+308,1.7976931348623157e+308,0.0,14095.0,14090.0,14085.0,14080.0,14075.0,14100.0,14110.0,14115.0,14120.0,14125.0,2,3,5,2,2,2,1,2,1,1
20191128,16:13:42.0,2019-11-28 16:13:42,NI3M,LME,14100.0,0,2130,0.0,14355.0,14355.0,14060.0,0.0,0.0,1.7976931348623157e+308,1.7976931348623157e+308,0.0,14095.0,14090.0,14085.0,14080.0,14075.0,14100.0,14110.0,14115.0,14120.0,14125.0,2,3,5,2,2,2,1,2,1,1
20191128,16:13:43.0,2019-11-28 16:13:43,NI3M,LME,14100.0,0,2130,0.0,14355.0,14355.0,14060.0,0.0,0.0,1.7976931348623157e+308,1.7976931348623157e+308,0.0,14095.0,14090.0,14085.0,14080.0,14075.0,14100.0,14110.0,14115.0,14120.0,14125.0,2,3,5,2,2,1,1,2,1,1
20191128,16:13:44.0,2019-11-28 16:13:44,NI3M,LME,14100.0,0,2131,0.0,14355.0,14355.0,14060.0,0.0,0.0,1.7976931348623157e+308,1.7976931348623157e+308,0.0,14105.0,14095.0,14090.0,14085.0,14080.0,14110.0,14115.0,14120.0,14125.0,14130.0,1,1,3,5,2,1,2,1,1,1
20191128,16:13:44.0,2019-11-28 16:13:44,NI3M,LME,14105.0,0,2132,0.0,14355.0,14355.0,14060.0,0.0,0.0,1.7976931348623157e+308,1.7976931348623157e+308,0.0,14100.0,14095.0,14090.0,14085.0,14080.0,14110.0,14115.0,14120.0,14125.0,14130.0,2,1,3,5,2,1,2,1,1,1
20191128,16:13:48.0,2019-11-28 16:13:48,NI3M,LME,14105.0,0,2132,0.0,14355.0,14355.0,14060.0,0.0,0.0,1.7976931348623157e+308,1.7976931348623157e+308,0.0,14100.0,14095.0,14090.0,14085.0,14080.0,14110.0,14115.0,14120.0,14125.0,14130.0,1,1,2,5,2,1,2,1,1,1
20191128,16:13:52.0,2019-11-28 16:13:52,NI3M,LME,14100.0,0,2133,0.0,14355.0,14355.0,14060.0,0.0,0.0,1.7976931348623157e+308,1.7976931348623157e+308,0.0,14095.0,14090.0,14085.0,14080.0,14075.0,14110.0,14115.0,14120.0,14125.0,14130.0,2,2,5,1,1,1,2,1,1,1
20191128,16:13:53.0,2019-11-28 16:13:53,NI3M,LME,14100.0,0,2133,0.0,14355.0,14355.0,14060.0,0.0,0.0,1.7976931348623157e+308,1.7976931348623157e+308,0.0,14095.0,14090.0,14085.0,14080.0,14075.0,14110.0,14115.0,14120.0,14125.0,14130.0,3,2,5,1,1,1,2,1,1,1
20191128,16:13:54.0,2019-11-28 16:13:54,NI3M,LME,14100.0,0,2133,0.0,14355.0,14355.0,14060.0,0.0,0.0,1.7976931348623157e+308,1.7976931348623157e+308,0.0,14095.0,14090.0,14085.0,14080.0,14075.0,14110.0,14115.0,14120.0,14125.0,14130.0,4,2,5,1,1,1,2,1,1,1
20191128,16:13:55.0,2019-11-28 16:13:55,NI3M,LME,14100.0,0,2133,0.0,14355.0,14355.0,14060.0,0.0,0.0,1.7976931348623157e+308,1.7976931348623157e+308,0.0,14100.0,14095.0,14090.0,14085.0,14080.0,14110.0,14115.0,14120.0,14125.0,14130.0,2,4,2,5,1,1,2,1,1,1
20191128,16:13:57.0,2019-11-28 16:13:57,NI3M,LME,14100.0,0,2134,0.0,14355.0,14355.0,14060.0,0.0,0.0,1.7976931348623157e+308,1.7976931348623157e+308,0.0,14100.0,14095.0,14090.0,14085.0,14075.0,14110.0,14115.0,14120.0,14125.0,14130.0,2,3,2,5,1,1,2,1,1,1
20191128,16:14:04.0,2019-11-28 16:14:04,NI3M,LME,14100.0,0,2134,0.0,14355.0,14355.0,14060.0,0.0,0.0,1.7976931348623157e+308,1.7976931348623157e+308,0.0,14105.0,14095.0,14090.0,14085.0,14080.0,14110.0,14115.0,14120.0,14125.0,14130.0,1,3,2,3,1,2,2,1,1,1
20191128,16:14:05.0,2019-11-28 16:14:05,NI3M,LME,14105.0,0,2135,0.0,14355.0,14355.0,14060.0,0.0,0.0,1.7976931348623157e+308,1.7976931348623157e+308,0.0,14100.0,14095.0,14090.0,14085.0,14080.0,14110.0,14115.0,14120.0,14125.0,14130.0,2,4,1,2,1,1,2,1,1,1
20191128,16:14:06.0,2019-11-28 16:14:06,NI3M,LME,14105.0,0,2135,0.0,14355.0,14355.0,14060.0,0.0,0.0,1.7976931348623157e+308,1.7976931348623157e+308,0.0,14100.0,14095.0,14090.0,14085.0,14080.0,14110.0,14115.0,14120.0,14125.0,14130.0,1,3,2,3,1,1,2,1,1,1
20191128,16:14:17.0,2019-11-28 16:14:17,NI3M,LME,14100.0,0,2136,0.0,14355.0,14355.0,14060.0,0.0,0.0,1.7976931348623157e+308,1.7976931348623157e+308,0.0,14100.0,14095.0,14090.0,14085.0,14080.0,14110.0,14115.0,14120.0,14125.0,14130.0,1,2,3,3,1,1,2,1,1,1
20191128,16:14:21.0,2019-11-28 16:14:21,NI3M,LME,14100.0,0,2136,0.0,14355.0,14355.0,14060.0,0.0,0.0,1.7976931348623157e+308,1.7976931348623157e+308,0.0,14095.0,14090.0,14085.0,14080.0,14075.0,14110.0,14115.0,14120.0,14125.0,14130.0,1,1,3,2,4,1,2,1,1,1
