date,time,datetime,symbol,exchange,lastPrice,lastVolume,volume,openInterest,openPrice,highPrice,lowPrice,preClosePrice,preSettlementPrice,upperLimit,lowerLimit,turnover,bidPrice1,bidPrice2,bidPrice3,bidPrice4,bidPrice5,askPrice1,askPrice2,askPrice3,askPrice4,askPrice5,bidVolume1,bidVolume2,bidVolume3,bidVolume4,bidVolume5,askVolume1,askVolume2,askVolume3,askVolume4,askVolume5
20191128,15:10:12.0,2019-11-28 15:10:12,PB3M,LME,1954.5,0,371,0.0,1943.0,1962.0,1942.0,0.0,0.0,1.7976931348623157e+308,1.7976931348623157e+308,0.0,1952.5,1952.0,1951.5,1951.0,1950.5,1954.5,1955.0,1955.5,1956.0,1956.5,3,2,2,1,2,1,2,1,1,2
20191128,15:10:12.0,2019-11-28 15:10:12,PB3M,LME,1954.5,0,371,0.0,1943.0,1962.0,1942.0,0.0,0.0,1.7976931348623157e+308,1.7976931348623157e+308,0.0,1952.5,1952.0,1951.5,1951.0,1950.5,1954.5,1955.0,1955.5,1956.0,1956.5,3,2,2,1,2,1,2,1,1,2
20191128,15:10:19.0,2019-11-28 15:10:19,PB3M,LME,1954.5,0,371,0.0,1943.0,1962.0,1942.0,0.0,0.0,1.7976931348623157e+308,1.7976931348623157e+308,0.0,1952.5,1952.0,1951.5,1951.0,1950.5,1954.0,1955.0,1955.5,1956.0,1956.5,3,2,2,1,2,1,2,1,1,2
20191128,15:10:20.0,2019-11-28 15:10:20,PB3M,LME,1952.5,0,372,0.0,1943.0,1962.0,1942.0,0.0,0.0,1.7976931348623157e+308,1.7976931348623157e+308,0.0,1952.5,1952.0,1951.5,1951.0,1949.0,1954.0,1954.5,1955.0,1955.5,1956.0,1,2,2,1,1,2,1,2,1,1
20191128,15:10:27.0,2019-11-28 15:10:27,PB3M,LME,1952.5,0,372,0.0,1943.0,1962.0,1942.0,0.0,0.0,1.7976931348623157e+308,1.7976931348623157e+308,0.0,1952.5,1952.0,1951.5,1951.0,1949.0,1954.0,1954.5,1955.0,1955.5,1956.0,2,2,2,1,1,2,1,2,1,1
20191128,15:10:51.0,2019-11-28 15:10:51,PB3M,LME,1954.0,0,374,0.0,1943.0,1962.0,1942.0,0.0,0.0,1.7976931348623157e+308,1.7976931348623157e+308,0.0,1953.0,1952.5,1952.0,1951.5,1951.0,1955.0,1955.0,1955.5,1956.0,1956.5,1,3,2,2,1,2,2,1,1,2
20191128,15:10:52.0,2019-11-28 15:10:52,PB3M,LME,1954.0,0,374,0.0,1943.0,1962.0,1942.0,0.0,0.0,1.7976931348623157e+308,1.7976931348623157e+308,0.0,1953.0,1952.5,1952.0,1951.5,1951.0,1955.0,1955.5,1956.0,1956.5,1957.0,3,2,2,1,1,2,1,1,2,3
20191128,15:11:14.0,2019-11-28 15:11:14,PB3M,LME,1954.0,0,374,0.0,1943.0,1962.0,1942.0,0.0,0.0,1.7976931348623157e+308,1.7976931348623157e+308,0.0,1953.0,1952.5,1952.0,1951.5,1951.0,1955.0,1955.5,1956.0,1956.5,1957.0,3,1,2,1,1,4,1,1,2,3
20191128,15:12:06.0,2019-11-28 15:12:06,PB3M,LME,1954.0,0,374,0.0,1943.0,1962.0,1942.0,0.0,0.0,1.7976931348623157e+308,1.7976931348623157e+308,0.0,1953.0,1952.5,1952.0,1951.5,1951.0,1955.0,1955.5,1956.0,1956.5,1957.0,3,1,2,1,1,3,1,1,2,3
20191128,15:12:08.0,2019-11-28 15:12:08,PB3M,LME,1954.0,0,374,0.0,1943.0,1962.0,1942.0,0.0,0.0,1.7976931348623157e+308,1.7976931348623157e+308,0.0,1953.0,1952.5,1952.0,1951.5,1951.0,1954.5,1955.5,1956.5,1957.0,1957.5,3,1,2,1,1,1,1,2,3,3
20191128,15:13:00.0,2019-11-28 15:13:00,PB3M,LME,1953.0,0,375,0.0,1943.0,1962.0,1942.0,0.0,0.0,1.7976931348623157e+308,1.7976931348623157e+308,0.0,1953.0,1952.5,1952.0,1951.5,1951.0,1954.5,1955.0,1955.5,1956.5,1957.0,2,1,2,1,2,1,2,2,2,3
20191128,15:14:08.0,2019-11-28 15:14:08,PB3M,LME,1953.0,0,375,0.0,1943.0,1962.0,1942.0,0.0,0.0,1.7976931348623157e+308,1.7976931348623157e+308,0.0,1953.5,1953.0,1952.5,1952.0,1951.5,1955.0,1955.5,1956.5,1957.0,1957.5,3,1,1,1,1,3,1,2,3,3
20191128,15:14:10.0,2019-11-28 15:14:10,PB3M,LME,1954.0,0,376,0.0,1943.0,1962.0,1942.0,0.0,0.0,1.7976931348623157e+308,1.7976931348623157e+308,0.0,1953.5,1953.5,1953.0,1952.0,1951.5,1955.0,1955.5,1956.5,1957.0,1957.5,2,2,1,1,1,4,1,2,3,3
20191128,15:14:45.0,2019-11-28 15:14:45,PB3M,LME,1954.0,0,377,0.0,1943.0,1962.0,1942.0,0.0,0.0,1.7976931348623157e+308,1.7976931348623157e+308,0.0,1953.5,1953.5,1953.0,1952.5,1952.0,1955.0,1955.5,1956.5,1957.0,1957.5,1,1,1,1,1,5,1,2,3,3
20191128,15:14:46.0,2019-11-28 15:14:46,PB3M,LME,1954.0,0,377,0.0,1943.0,1962.0,1942.0,0.0,0.0,1.7976931348623157e+308,1.7976931348623157e+308,0.0,1953.0,1953.0,1952.5,1952.0,1951.5,1954.5,1955.0,1955.5,1956.5,1957.0,1,1,1,1,1,1,5,1,2,3
20191128,15:14:47.0,2019-11-28 15:14:47,PB3M,LME,1954.0,0,377,0.0,1943.0,1962.0,1942.0,0.0,0.0,1.7976931348623157e+308,1.7976931348623157e+308,0.0,1953.0,1952.5,1952.0,1951.5,1951.0,1954.5,1955.0,1955.5,1956.5,1957.0,2,1,1,1,2,2,5,1,2,3
20191128,15:15:01.0,2019-11-28 15:15:01,PB3M,LME,1954.0,0,377,0.0,1943.0,1962.0,1942.0,0.0,0.0,1.7976931348623157e+308,1.7976931348623157e+308,0.0,1953.0,1952.5,1952.0,1951.5,1951.0,1954.0,1954.5,1955.0,1955.5,1956.5,2,1,1,1,2,1,2,4,1,2
20191128,15:15:02.0,2019-11-28 15:15:02,PB3M,LME,1954.0,0,377,0.0,1943.0,1962.0,1942.0,0.0,0.0,1.7976931348623157e+308,1.7976931348623157e+308,0.0,1953.0,1952.5,1952.0,1951.5,1951.0,1954.0,1954.5,1955.0,1955.5,1956.5,2,1,1,1,2,2,1,4,1,2
20191128,15:15:16.0,2019-11-28 15:15:16,PB3M,LME,1953.0,0,378,0.0,1943.0,1962.0,1942.0,0.0,0.0,1.7976931348623157e+308,1.7976931348623157e+308,0.0,1952.0,1951.5,1951.0,1949.5,1949.0,1953.5,1954.0,1954.5,1955.0,1955.5,1,1,2,1,1,1,2,1,4,1
20191128,15:15:17.0,2019-11-28 15:15:17,PB3M,LME,1953.0,0,378,0.0,1943.0,1962.0,1942.0,0.0,0.0,1.7976931348623157e+308,1.7976931348623157e+308,0.0,1952.0,1951.5,1951.0,1949.5,1949.0,1953.5,1954.0,1954.5,1955.0,1955.5,1,1,2,1,1,2,1,1,4,1
20191128,15:18:13.0,2019-11-28 15:18:13,PB3M,LME,1954.0,0,381,0.0,1943.0,1962.0,1942.0,0.0,0.0,1.7976931348623157e+308,1.7976931348623157e+308,0.0,1953.5,1952.5,1952.0,1951.5,1951.0,1955.0,1955.5,1956.5,1957.0,1957.5,2,1,2,1,2,3,1,2,1,1
20191128,15:18:14.0,2019-11-28 15:18:14,PB3M,LME,1954.0,0,381,0.0,1943.0,1962.0,1942.0,0.0,0.0,1.7976931348623157e+308,1.7976931348623157e+308,0.0,1953.5,1952.5,1951.5,1951.0,1950.5,1954.0,1955.5,1956.5,1957.0,1957.5,3,1,1,2,2,1,1,2,1,1
20191128,15:18:19.0,2019-11-28 15:18:19,PB3M,LME,1954.0,0,381,0.0,1943.0,1962.0,1942.0,0.0,0.0,1.7976931348623157e+308,1.7976931348623157e+308,0.0,1953.5,1952.5,1951.5,1951.0,1950.5,1954.0,1954.5,1955.0,1955.5,1956.5,3,1,1,2,2,2,1,3,1,2
20191128,15:19:50.0,2019-11-28 15:19:50,PB3M,LME,1953.5,0,382,0.0,1943.0,1962.0,1942.0,0.0,0.0,1.7976931348623157e+308,1.7976931348623157e+308,0.0,1953.5,1952.5,1951.5,1951.0,1950.5,1954.0,1954.5,1955.0,1955.5,1956.5,3,1,1,2,2,2,1,3,1,2
20191128,15:20:14.0,2019-11-28 15:20:14,PB3M,LME,1954.0,0,383,0.0,1943.0,1962.0,1942.0,0.0,0.0,1.7976931348623157e+308,1.7976931348623157e+308,0.0,1954.0,1953.5,1952.5,1952.0,1951.5,1955.0,1955.5,1956.5,1957.0,1957.5,2,1,1,2,1,3,1,2,1,1
20191128,15:20:16.0,2019-11-28 15:20:16,PB3M,LME,1954.0,0,384,0.0,1943.0,1962.0,1942.0,0.0,0.0,1.7976931348623157e+308,1.7976931348623157e+308,0.0,1954.0,1953.5,1952.5,1952.0,1951.5,1955.0,1955.5,1956.5,1957.0,1957.5,2,1,1,2,1,3,1,2,1,1
20191128,15:20:17.0,2019-11-28 15:20:17,PB3M,LME,1954.0,0,384,0.0,1943.0,1962.0,1942.0,0.0,0.0,1.7976931348623157e+308,1.7976931348623157e+308,0.0,1954.0,1953.5,1952.5,1952.0,1951.5,1955.0,1955.5,1956.5,1957.0,1957.5,1,1,1,2,1,3,1,2,1,1
20191128,15:20:55.0,2019-11-28 15:20:55,PB3M,LME,1954.0,0,385,0.0,1943.0,1962.0,1942.0,0.0,0.0,1.7976931348623157e+308,1.7976931348623157e+308,0.0,1953.5,1953.5,1952.5,1952.0,1951.5,1954.5,1955.0,1955.5,1956.5,1957.0,1,1,1,2,1,1,3,3,2,1
20191128,15:20:56.0,2019-11-28 15:20:56,PB3M,LME,1954.0,0,385,0.0,1943.0,1962.0,1942.0,0.0,0.0,1.7976931348623157e+308,1.7976931348623157e+308,0.0,1953.5,1952.5,1952.0,1951.5,1951.0,1954.5,1955.0,1955.5,1956.5,1957.0,2,1,2,1,2,1,3,3,2,1
20191128,15:21:25.0,2019-11-28 15:21:25,PB3M,LME,1954.0,0,385,0.0,1943.0,1962.0,1942.0,0.0,0.0,1.7976931348623157e+308,1.7976931348623157e+308,0.0,1953.5,1952.5,1952.0,1951.5,1951.0,1954.5,1955.0,1955.5,1956.5,1957.0,2,1,2,1,2,2,3,3,2,1
20191128,15:22:28.0,2019-11-28 15:22:28,PB3M,LME,1953.5,0,387,0.0,1943.0,1962.0,1942.0,0.0,0.0,1.7976931348623157e+308,1.7976931348623157e+308,0.0,1952.0,1951.5,1951.0,1949.5,1949.0,1953.0,1953.5,1954.5,1955.0,1955.5,3,1,2,1,1,1,1,3,3,3
20191128,15:22:29.0,2019-11-28 15:22:29,PB3M,LME,1953.5,0,387,0.0,1943.0,1962.0,1942.0,0.0,0.0,1.7976931348623157e+308,1.7976931348623157e+308,0.0,1952.0,1951.5,1951.0,1949.5,1949.0,1953.0,1953.5,1954.5,1955.0,1955.5,2,1,2,1,1,2,1,1,3,3
20191128,15:22:52.0,2019-11-28 15:22:52,PB3M,LME,1952.0,0,390,0.0,1943.0,1962.0,1942.0,0.0,0.0,1.7976931348623157e+308,1.7976931348623157e+308,0.0,1951.0,1951.0,1949.5,1949.0,1948.5,1952.0,1953.0,1954.5,1955.0,1955.5,2,2,1,1,1,1,2,3,3,5
20191128,15:22:53.0,2019-11-28 15:22:53,PB3M,LME,1952.0,0,390,0.0,1943.0,1962.0,1942.0,0.0,0.0,1.7976931348623157e+308,1.7976931348623157e+308,0.0,1951.0,1949.5,1949.0,1948.5,1948.0,1952.0,1953.0,1954.5,1955.0,1955.5,2,1,1,1,1,2,1,3,3,5
20191128,15:22:56.0,2019-11-28 15:22:56,PB3M,LME,1952.0,0,390,0.0,1943.0,1962.0,1942.0,0.0,0.0,1.7976931348623157e+308,1.7976931348623157e+308,0.0,1951.0,1949.5,1949.0,1948.5,1948.0,1951.5,1952.0,1953.0,1954.5,1955.0,1,1,1,1,1,1,2,1,3,3
20191128,15:22:57.0,2019-11-28 15:22:57,PB3M,LME,1952.0,0,390,0.0,1943.0,1962.0,1942.0,0.0,0.0,1.7976931348623157e+308,1.7976931348623157e+308,0.0,1951.0,1949.5,1949.0,1948.5,1948.0,1951.5,1952.0,1953.0,1954.5,1955.0,1,1,1,1,1,2,2,1,3,3
20191128,15:22:58.0,2019-11-28 15:22:58,PB3M,LME,1952.0,0,390,0.0,1943.0,1962.0,1942.0,0.0,0.0,1.7976931348623157e+308,1.7976931348623157e+308,0.0,1951.0,1949.5,1949.0,1948.5,1948.0,1951.5,1953.0,1954.5,1955.0,1955.5,1,1,1,1,1,1,1,3,3,6
20191128,15:23:00.0,2019-11-28 15:23:00,PB3M,LME,1951.5,0,391,0.0,1943.0,1962.0,1942.0,0.0,0.0,1.7976931348623157e+308,1.7976931348623157e+308,0.0,1951.0,1949.5,1949.0,1948.5,1948.0,1951.5,1953.0,1954.5,1955.0,1955.5,1,1,1,1,1,1,1,3,3,6
20191128,15:23:01.0,2019-11-28 15:23:01,PB3M,LME,1951.5,0,391,0.0,1943.0,1962.0,1942.0,0.0,0.0,1.7976931348623157e+308,1.7976931348623157e+308,0.0,1951.0,1949.5,1949.0,1948.5,1948.0,1953.0,1954.5,1955.0,1955.5,1956.5,2,1,1,1,1,2,3,3,6,2
20191128,15:23:04.0,2019-11-28 15:23:04,PB3M,LME,1951.5,0,391,0.0,1943.0,1962.0,1942.0,0.0,0.0,1.7976931348623157e+308,1.7976931348623157e+308,0.0,1951.0,1949.5,1949.0,1948.5,1948.0,1952.0,1954.5,1955.0,1955.5,1956.5,2,1,1,1,1,1,3,3,6,2
20191128,15:23:05.0,2019-11-28 15:23:05,PB3M,LME,1951.5,0,391,0.0,1943.0,1962.0,1942.0,0.0,0.0,1.7976931348623157e+308,1.7976931348623157e+308,0.0,1951.0,1949.5,1949.0,1948.5,1948.0,1952.0,1953.0,1954.5,1955.0,1955.5,1,1,1,1,1,1,2,3,3,6
20191128,15:23:07.0,2019-11-28 15:23:07,PB3M,LME,1951.5,0,391,0.0,1943.0,1962.0,1942.0,0.0,0.0,1.7976931348623157e+308,1.7976931348623157e+308,0.0,1951.5,1951.0,1949.5,1949.0,1948.5,1952.0,1953.0,1954.5,1955.0,1955.5,1,1,1,1,1,1,2,3,3,6
20191128,15:23:23.0,2019-11-28 15:23:23,PB3M,LME,1951.5,0,391,0.0,1943.0,1962.0,1942.0,0.0,0.0,1.7976931348623157e+308,1.7976931348623157e+308,0.0,1951.0,1951.0,1949.5,1949.0,1948.5,1952.0,1953.0,1954.5,1955.0,1955.5,1,1,1,1,1,1,2,3,3,6
20191128,15:23:35.0,2019-11-28 15:23:35,PB3M,LME,1951.5,0,391,0.0,1943.0,1962.0,1942.0,0.0,0.0,1.7976931348623157e+308,1.7976931348623157e+308,0.0,1951.0,1949.5,1949.0,1948.5,1948.0,1952.0,1954.5,1955.0,1955.5,1956.5,1,1,1,1,1,1,3,3,6,2
20191128,15:23:59.0,2019-11-28 15:23:59,PB3M,LME,1951.5,0,391,0.0,1943.0,1962.0,1942.0,0.0,0.0,1.7976931348623157e+308,1.7976931348623157e+308,0.0,1951.0,1949.5,1949.0,1948.5,1948.0,1951.5,1953.0,1954.5,1955.0,1955.5,1,2,1,1,1,1,2,3,3,6
20191128,15:24:13.0,2019-11-28 15:24:13,PB3M,LME,1951.5,0,391,0.0,1943.0,1962.0,1942.0,0.0,0.0,1.7976931348623157e+308,1.7976931348623157e+308,0.0,1951.0,1949.5,1949.0,1948.5,1948.0,1951.5,1952.0,1953.0,1954.5,1955.0,1,2,1,1,1,2,1,1,3,3
20191128,15:24:48.0,2019-11-28 15:24:48,PB3M,LME,1951.5,0,394,0.0,1943.0,1962.0,1942.0,0.0,0.0,1.7976931348623157e+308,1.7976931348623157e+308,0.0,1951.5,1951.0,1949.5,1949.0,1948.5,1952.0,1953.0,1954.5,1955.0,1955.5,1,1,2,1,1,1,1,3,3,6
20191128,15:24:49.0,2019-11-28 15:24:49,PB3M,LME,1951.5,0,394,0.0,1943.0,1962.0,1942.0,0.0,0.0,1.7976931348623157e+308,1.7976931348623157e+308,0.0,1951.0,1949.5,1949.0,1948.5,1948.0,1952.0,1953.0,1954.5,1955.0,1955.5,1,2,1,1,1,1,1,3,3,6
20191128,15:24:53.0,2019-11-28 15:24:53,PB3M,LME,1951.5,0,394,0.0,1943.0,1962.0,1942.0,0.0,0.0,1.7976931348623157e+308,1.7976931348623157e+308,0.0,1951.0,1949.5,1949.0,1948.5,1948.0,1952.0,1953.0,1954.5,1955.0,1955.5,2,2,1,1,1,1,1,3,3,6
20191128,15:25:40.0,2019-11-28 15:25:40,PB3M,LME,1951.5,0,394,0.0,1943.0,1962.0,1942.0,0.0,0.0,1.7976931348623157e+308,1.7976931348623157e+308,0.0,1951.0,1949.5,1949.0,1948.5,1948.0,1952.0,1953.0,1954.5,1955.0,1955.5,2,2,1,1,1,2,1,3,3,6
20191128,15:26:00.0,2019-11-28 15:26:00,PB3M,LME,1951.5,0,394,0.0,1943.0,1962.0,1942.0,0.0,0.0,1.7976931348623157e+308,1.7976931348623157e+308,0.0,1951.0,1949.5,1949.0,1948.5,1948.0,1951.5,1952.0,1953.0,1954.5,1955.0,1,2,1,1,1,1,2,1,3,3
20191128,15:26:00.0,2019-11-28 15:26:00,PB3M,LME,1951.0,0,395,0.0,1943.0,1962.0,1942.0,0.0,0.0,1.7976931348623157e+308,1.7976931348623157e+308,0.0,1949.5,1949.5,1949.0,1948.5,1948.0,1951.5,1952.0,1953.0,1954.5,1955.0,3,2,1,1,1,1,2,1,3,3
20191128,15:26:26.0,2019-11-28 15:26:26,PB3M,LME,1951.0,0,395,0.0,1943.0,1962.0,1942.0,0.0,0.0,1.7976931348623157e+308,1.7976931348623157e+308,0.0,1949.5,1949.0,1948.5,1948.0,1947.5,1951.5,1952.0,1953.0,1954.0,1954.5,3,1,1,1,2,2,2,1,2,3
20191128,15:26:35.0,2019-11-28 15:26:35,PB3M,LME,1951.0,0,395,0.0,1943.0,1962.0,1942.0,0.0,0.0,1.7976931348623157e+308,1.7976931348623157e+308,0.0,1949.5,1949.0,1948.5,1948.0,1947.5,1950.5,1952.0,1953.0,1954.0,1954.5,3,1,1,1,2,1,2,1,2,3
20191128,15:26:35.0,2019-11-28 15:26:35,PB3M,LME,1950.5,0,396,0.0,1943.0,1962.0,1942.0,0.0,0.0,1.7976931348623157e+308,1.7976931348623157e+308,0.0,1949.5,1949.0,1948.5,1948.0,1947.5,1951.5,1952.0,1953.0,1954.0,1954.5,3,1,1,1,2,2,2,1,2,3
20191128,15:26:36.0,2019-11-28 15:26:36,PB3M,LME,1951.5,0,397,0.0,1943.0,1962.0,1942.0,0.0,0.0,1.7976931348623157e+308,1.7976931348623157e+308,0.0,1949.5,1949.0,1948.5,1948.0,1947.5,1951.5,1952.0,1953.0,1954.0,1954.5,3,1,1,1,2,1,2,1,2,3
20191128,15:26:48.0,2019-11-28 15:26:48,PB3M,LME,1951.5,0,397,0.0,1943.0,1962.0,1942.0,0.0,0.0,1.7976931348623157e+308,1.7976931348623157e+308,0.0,1949.5,1949.0,1948.5,1948.0,1947.0,1951.0,1951.5,1952.0,1953.0,1954.0,3,1,1,1,1,1,1,2,1,2
20191128,15:27:11.0,2019-11-28 15:27:11,PB3M,LME,1951.5,0,397,0.0,1943.0,1962.0,1942.0,0.0,0.0,1.7976931348623157e+308,1.7976931348623157e+308,0.0,1949.5,1949.0,1948.5,1948.0,1947.0,1950.5,1952.0,1953.0,1954.0,1954.5,3,1,1,1,1,1,2,1,2,3
20191128,15:27:12.0,2019-11-28 15:27:12,PB3M,LME,1950.0,0,398,0.0,1943.0,1962.0,1942.0,0.0,0.0,1.7976931348623157e+308,1.7976931348623157e+308,0.0,1949.5,1949.0,1948.5,1948.0,1947.0,1950.5,1951.0,1.7976931348623157e+308,1.7976931348623157e+308,1.7976931348623157e+308,3,1,1,1,1,1,1,0,0,0
20191128,15:27:12.0,2019-11-28 15:27:12,PB3M,LME,1950.5,0,399,0.0,1943.0,1962.0,1942.0,0.0,0.0,1.7976931348623157e+308,1.7976931348623157e+308,0.0,1949.5,1949.0,1948.5,1948.0,1947.0,1951.0,1952.0,1953.0,1954.0,1954.5,2,1,1,1,1,1,2,1,2,3
20191128,15:27:30.0,2019-11-28 15:27:30,PB3M,LME,1950.5,0,399,0.0,1943.0,1962.0,1942.0,0.0,0.0,1.7976931348623157e+308,1.7976931348623157e+308,0.0,1950.0,1949.5,1949.0,1948.5,1948.0,1951.5,1952.0,1953.0,1954.0,1954.5,1,3,1,1,1,1,3,1,2,3
20191128,15:27:31.0,2019-11-28 15:27:31,PB3M,LME,1950.5,0,399,0.0,1943.0,1962.0,1942.0,0.0,0.0,1.7976931348623157e+308,1.7976931348623157e+308,0.0,1950.5,1950.0,1949.5,1949.0,1948.5,1951.5,1952.0,1953.0,1954.0,1954.5,1,1,3,1,1,1,3,1,2,3
20191128,15:27:47.0,2019-11-28 15:27:47,PB3M,LME,1950.5,0,399,0.0,1943.0,1962.0,1942.0,0.0,0.0,1.7976931348623157e+308,1.7976931348623157e+308,0.0,1950.5,1950.0,1949.5,1949.0,1948.5,1951.0,1952.0,1953.0,1954.0,1954.5,1,1,3,1,1,1,2,1,2,3
20191128,15:27:48.0,2019-11-28 15:27:48,PB3M,LME,1950.5,0,400,0.0,1943.0,1962.0,1942.0,0.0,0.0,1.7976931348623157e+308,1.7976931348623157e+308,0.0,1950.0,1949.5,1949.0,1948.5,1948.0,1951.5,1952.0,1953.0,1954.0,1954.5,1,3,1,1,1,1,2,1,2,3
20191128,15:27:51.0,2019-11-28 15:27:51,PB3M,LME,1950.5,0,400,0.0,1943.0,1962.0,1942.0,0.0,0.0,1.7976931348623157e+308,1.7976931348623157e+308,0.0,1950.5,1950.0,1949.5,1949.0,1948.5,1951.5,1952.0,1953.0,1954.0,1954.5,1,1,3,1,1,1,2,1,2,3
20191128,15:27:54.0,2019-11-28 15:27:54,PB3M,LME,1950.5,0,410,0.0,1943.0,1962.0,1942.0,0.0,0.0,1.7976931348623157e+308,1.7976931348623157e+308,0.0,1949.5,1949.0,1948.5,1948.0,1947.5,1951.5,1952.0,1953.0,1954.0,1954.5,3,1,1,1,2,2,2,1,2,3
20191128,15:28:00.0,2019-11-28 15:28:00,PB3M,LME,1950.5,0,410,0.0,1943.0,1962.0,1942.0,0.0,0.0,1.7976931348623157e+308,1.7976931348623157e+308,0.0,1950.5,1949.0,1948.5,1948.0,1947.5,1951.5,1952.0,1953.0,1954.0,1954.5,1,1,1,1,2,2,2,1,2,3
20191128,15:28:01.0,2019-11-28 15:28:01,PB3M,LME,1950.5,0,410,0.0,1943.0,1962.0,1942.0,0.0,0.0,1.7976931348623157e+308,1.7976931348623157e+308,0.0,1950.5,1949.5,1949.0,1948.5,1948.0,1951.5,1952.0,1953.0,1954.0,1954.5,1,2,1,1,1,1,2,1,2,3
20191128,15:28:22.0,2019-11-28 15:28:22,PB3M,LME,1950.5,0,410,0.0,1943.0,1962.0,1942.0,0.0,0.0,1.7976931348623157e+308,1.7976931348623157e+308,0.0,1950.5,1949.5,1949.0,1948.5,1948.0,1951.0,1952.0,1953.0,1954.0,1954.5,1,2,1,1,1,1,2,1,2,3
20191128,15:28:23.0,2019-11-28 15:28:23,PB3M,LME,1950.5,0,411,0.0,1943.0,1962.0,1942.0,0.0,0.0,1.7976931348623157e+308,1.7976931348623157e+308,0.0,1949.5,1949.0,1948.5,1948.0,1947.5,1951.5,1952.0,1953.0,1954.0,1954.5,2,1,1,1,2,1,2,1,2,3
20191128,15:28:24.0,2019-11-28 15:28:24,PB3M,LME,1950.5,0,411,0.0,1943.0,1962.0,1942.0,0.0,0.0,1.7976931348623157e+308,1.7976931348623157e+308,0.0,1949.5,1949.0,1948.5,1948.0,1947.5,1951.5,1952.0,1953.0,1954.0,1954.5,2,1,1,1,2,2,2,1,2,3
20191128,15:28:41.0,2019-11-28 15:28:41,PB3M,LME,1950.5,0,411,0.0,1943.0,1962.0,1942.0,0.0,0.0,1.7976931348623157e+308,1.7976931348623157e+308,0.0,1949.5,1948.5,1948.0,1947.0,1946.0,1950.5,1951.0,1951.5,1952.0,1953.0,1,1,1,1,2,1,1,2,2,1
20191128,15:28:42.0,2019-11-28 15:28:42,PB3M,LME,1950.5,0,411,0.0,1943.0,1962.0,1942.0,0.0,0.0,1.7976931348623157e+308,1.7976931348623157e+308,0.0,1949.0,1948.5,1948.0,1947.0,1946.0,1950.5,1951.0,1951.5,1952.0,1953.0,1,1,1,1,2,1,1,2,2,1
20191128,15:28:58.0,2019-11-28 15:28:58,PB3M,LME,1950.5,0,411,0.0,1943.0,1962.0,1942.0,0.0,0.0,1.7976931348623157e+308,1.7976931348623157e+308,0.0,1949.0,1948.5,1948.0,1947.0,1946.0,1949.5,1951.0,1951.5,1952.0,1953.0,1,1,1,1,2,1,1,2,2,1
20191128,15:28:59.0,2019-11-28 15:28:59,PB3M,LME,1950.5,0,411,0.0,1943.0,1962.0,1942.0,0.0,0.0,1.7976931348623157e+308,1.7976931348623157e+308,0.0,1948.5,1948.0,1947.0,1946.0,1945.5,1949.0,1950.5,1951.0,1951.5,1952.0,1,1,1,2,1,1,1,1,1,2
20191128,15:28:59.0,2019-11-28 15:28:59,PB3M,LME,1948.5,0,412,0.0,1943.0,1962.0,1942.0,0.0,0.0,1.7976931348623157e+308,1.7976931348623157e+308,0.0,1948.0,1947.0,1946.0,1945.5,1945.0,1950.5,1951.0,1951.5,1952.0,1952.5,2,1,2,1,3,2,1,1,2,2
20191128,15:29:06.0,2019-11-28 15:29:06,PB3M,LME,1948.5,0,412,0.0,1943.0,1962.0,1942.0,0.0,0.0,1.7976931348623157e+308,1.7976931348623157e+308,0.0,1947.5,1947.0,1946.5,1946.0,1945.5,1950.0,1950.5,1951.0,1951.5,1952.0,1,1,2,2,1,1,2,1,1,2
20191128,15:29:34.0,2019-11-28 15:29:34,PB3M,LME,1948.5,0,413,0.0,1943.0,1962.0,1942.0,0.0,0.0,1.7976931348623157e+308,1.7976931348623157e+308,0.0,1948.0,1947.5,1947.0,1946.5,1946.0,1949.5,1950.5,1951.0,1951.5,1952.0,2,2,1,3,2,1,1,1,1,2
20191128,15:29:34.0,2019-11-28 15:29:34,PB3M,LME,1948.5,0,414,0.0,1943.0,1962.0,1942.0,0.0,0.0,1.7976931348623157e+308,1.7976931348623157e+308,0.0,1948.5,1948.0,1947.5,1946.5,1946.0,1949.5,1950.5,1951.5,1952.0,1952.5,1,2,2,3,2,1,1,2,2,2
20191128,15:29:42.0,2019-11-28 15:29:42,PB3M,LME,1948.5,0,414,0.0,1943.0,1962.0,1942.0,0.0,0.0,1.7976931348623157e+308,1.7976931348623157e+308,0.0,1949.0,1948.5,1948.0,1947.5,1946.5,1949.5,1950.5,1951.5,1952.0,1952.5,1,1,1,1,3,1,1,2,2,2
20191128,15:29:45.0,2019-11-28 15:29:45,PB3M,LME,1948.5,0,414,0.0,1943.0,1962.0,1942.0,0.0,0.0,1.7976931348623157e+308,1.7976931348623157e+308,0.0,1949.0,1948.5,1948.0,1947.5,1946.5,1949.5,1950.5,1951.5,1952.0,1952.5,1,1,1,1,3,2,1,2,2,2
20191128,15:29:46.0,2019-11-28 15:29:46,PB3M,LME,1949.0,0,415,0.0,1943.0,1962.0,1942.0,0.0,0.0,1.7976931348623157e+308,1.7976931348623157e+308,0.0,1948.0,1947.5,1946.5,1946.0,1945.5,1949.5,1950.5,1951.5,1952.0,1952.5,1,1,3,2,1,2,1,2,2,2
20191128,15:29:50.0,2019-11-28 15:29:50,PB3M,LME,1949.5,0,416,0.0,1943.0,1962.0,1942.0,0.0,0.0,1.7976931348623157e+308,1.7976931348623157e+308,0.0,1948.0,1947.5,1946.5,1946.0,1945.5,1949.5,1950.5,1951.5,1952.0,1952.5,1,1,3,2,1,2,1,2,2,2
20191128,15:29:51.0,2019-11-28 15:29:51,PB3M,LME,1949.5,0,416,0.0,1943.0,1962.0,1942.0,0.0,0.0,1.7976931348623157e+308,1.7976931348623157e+308,0.0,1948.0,1947.5,1946.5,1946.0,1945.5,1949.0,1949.5,1950.5,1951.5,1952.0,1,1,3,2,1,1,1,1,2,2
20191128,15:29:52.0,2019-11-28 15:29:52,PB3M,LME,1949.5,0,416,0.0,1943.0,1962.0,1942.0,0.0,0.0,1.7976931348623157e+308,1.7976931348623157e+308,0.0,1948.0,1947.5,1946.5,1946.0,1945.5,1949.0,1949.5,1950.5,1951.5,1952.0,1,1,3,2,1,2,1,1,2,2
20191128,15:30:04.0,2019-11-28 15:30:04,PB3M,LME,1946.5,0,421,0.0,1943.0,1962.0,1942.0,0.0,0.0,1.7976931348623157e+308,1.7976931348623157e+308,0.0,1946.0,1945.5,1945.0,1944.5,1944.0,1949.0,1950.5,1951.5,1952.0,1952.5,3,1,3,2,1,3,1,2,2,2
20191128,15:30:05.0,2019-11-28 15:30:05,PB3M,LME,1946.5,0,421,0.0,1943.0,1962.0,1942.0,0.0,0.0,1.7976931348623157e+308,1.7976931348623157e+308,0.0,1946.5,1946.0,1945.5,1945.0,1944.5,1949.0,1950.5,1951.5,1952.0,1952.5,2,3,1,3,2,3,1,2,2,2
20191128,15:30:37.0,2019-11-28 15:30:37,PB3M,LME,1946.5,0,421,0.0,1943.0,1962.0,1942.0,0.0,0.0,1.7976931348623157e+308,1.7976931348623157e+308,0.0,1947.0,1946.0,1945.5,1945.0,1944.5,1949.0,1950.5,1951.5,1952.0,1952.5,1,3,1,3,2,2,1,2,2,2
20191128,15:30:49.0,2019-11-28 15:30:49,PB3M,LME,1946.5,0,421,0.0,1943.0,1962.0,1942.0,0.0,0.0,1.7976931348623157e+308,1.7976931348623157e+308,0.0,1946.0,1945.5,1945.0,1944.0,1943.5,1948.0,1948.5,1949.0,1950.0,1950.5,1,1,3,1,1,2,5,2,1,1
20191128,15:30:58.0,2019-11-28 15:30:58,PB3M,LME,1946.5,0,421,0.0,1943.0,1962.0,1942.0,0.0,0.0,1.7976931348623157e+308,1.7976931348623157e+308,0.0,1946.5,1945.5,1945.0,1944.0,1943.5,1948.0,1948.5,1949.0,1950.0,1950.5,1,1,3,1,3,3,5,1,1,1
20191128,15:31:11.0,2019-11-28 15:31:11,PB3M,LME,1946.5,0,421,0.0,1943.0,1962.0,1942.0,0.0,0.0,1.7976931348623157e+308,1.7976931348623157e+308,0.0,1946.5,1946.0,1945.5,1945.0,1944.0,1948.0,1948.5,1949.0,1950.0,1950.5,1,1,1,3,1,3,5,1,1,1
20191128,15:32:01.0,2019-11-28 15:32:01,PB3M,LME,1946.5,0,421,0.0,1943.0,1962.0,1942.0,0.0,0.0,1.7976931348623157e+308,1.7976931348623157e+308,0.0,1946.5,1946.0,1945.5,1945.0,1944.0,1948.0,1949.0,1950.0,1950.5,1951.5,1,1,1,3,1,6,1,1,1,2
20191128,15:32:04.0,2019-11-28 15:32:04,PB3M,LME,1946.5,0,421,0.0,1943.0,1962.0,1942.0,0.0,0.0,1.7976931348623157e+308,1.7976931348623157e+308,0.0,1946.5,1946.0,1945.5,1945.0,1944.0,1948.0,1949.0,1950.0,1950.5,1951.5,1,1,1,3,1,3,1,1,1,2
20191128,15:32:12.0,2019-11-28 15:32:12,PB3M,LME,1946.5,0,421,0.0,1943.0,1962.0,1942.0,0.0,0.0,1.7976931348623157e+308,1.7976931348623157e+308,0.0,1946.0,1946.0,1945.5,1945.0,1944.0,1948.0,1949.0,1950.0,1950.5,1951.5,1,1,1,3,1,3,1,1,1,2
20191128,15:32:14.0,2019-11-28 15:32:14,PB3M,LME,1946.5,0,421,0.0,1943.0,1962.0,1942.0,0.0,0.0,1.7976931348623157e+308,1.7976931348623157e+308,0.0,1947.0,1945.5,1945.0,1944.0,1943.5,1948.0,1949.0,1950.0,1950.5,1951.5,1,1,3,1,3,3,1,1,1,2
20191128,15:32:16.0,2019-11-28 15:32:16,PB3M,LME,1946.5,0,421,0.0,1943.0,1962.0,1942.0,0.0,0.0,1.7976931348623157e+308,1.7976931348623157e+308,0.0,1946.5,1946.0,1945.5,1945.0,1944.0,1948.0,1949.0,1950.0,1950.5,1951.5,1,1,1,3,1,3,2,1,1,2
20191128,15:33:06.0,2019-11-28 15:33:06,PB3M,LME,1946.5,0,421,0.0,1943.0,1962.0,1942.0,0.0,0.0,1.7976931348623157e+308,1.7976931348623157e+308,0.0,1946.5,1946.0,1945.5,1945.0,1944.0,1948.0,1949.0,1950.0,1950.5,1951.5,1,1,1,3,1,4,2,1,1,2
20191128,15:33:13.0,2019-11-28 15:33:13,PB3M,LME,1946.5,0,421,0.0,1943.0,1962.0,1942.0,0.0,0.0,1.7976931348623157e+308,1.7976931348623157e+308,0.0,1947.0,1946.0,1945.5,1945.0,1944.0,1948.0,1949.0,1950.0,1950.5,1951.5,1,1,1,3,1,4,2,1,1,2
20191128,15:33:25.0,2019-11-28 15:33:25,PB3M,LME,1947.0,0,422,0.0,1943.0,1962.0,1942.0,0.0,0.0,1.7976931348623157e+308,1.7976931348623157e+308,0.0,1946.0,1945.5,1945.0,1944.0,1943.5,1948.0,1949.0,1950.0,1950.5,1951.5,1,1,3,1,3,8,2,1,1,2
20191128,15:33:27.0,2019-11-28 15:33:27,PB3M,LME,1947.0,0,422,0.0,1943.0,1962.0,1942.0,0.0,0.0,1.7976931348623157e+308,1.7976931348623157e+308,0.0,1946.0,1945.5,1945.0,1944.0,1943.5,1948.0,1949.0,1950.0,1950.5,1951.5,1,1,3,1,3,4,2,1,1,2
20191128,15:33:32.0,2019-11-28 15:33:32,PB3M,LME,1948.0,0,423,0.0,1943.0,1962.0,1942.0,0.0,0.0,1.7976931348623157e+308,1.7976931348623157e+308,0.0,1946.5,1946.0,1945.5,1945.0,1944.0,1948.0,1949.0,1950.0,1950.5,1951.5,2,1,1,3,1,3,2,1,1,2
20191128,15:34:06.0,2019-11-28 15:34:06,PB3M,LME,1948.0,0,423,0.0,1943.0,1962.0,1942.0,0.0,0.0,1.7976931348623157e+308,1.7976931348623157e+308,0.0,1946.5,1946.0,1945.5,1945.0,1944.0,1948.0,1948.5,1949.0,1950.0,1950.5,2,1,1,3,1,1,1,2,1,1
20191128,15:34:06.0,2019-11-28 15:34:06,PB3M,LME,1946.5,0,425,0.0,1943.0,1962.0,1942.0,0.0,0.0,1.7976931348623157e+308,1.7976931348623157e+308,0.0,1946.0,1945.5,1945.0,1944.0,1943.5,1947.5,1948.0,1948.5,1949.0,1950.0,1,1,3,1,3,1,1,1,2,1
20191128,15:35:26.0,2019-11-28 15:35:26,PB3M,LME,1946.5,0,425,0.0,1943.0,1962.0,1942.0,0.0,0.0,1.7976931348623157e+308,1.7976931348623157e+308,0.0,1946.0,1945.5,1945.0,1944.0,1943.5,1947.5,1948.0,1948.5,1949.0,1950.0,1,1,3,1,3,3,1,1,2,1
20191128,15:35:27.0,2019-11-28 15:35:27,PB3M,LME,1946.5,0,425,0.0,1943.0,1962.0,1942.0,0.0,0.0,1.7976931348623157e+308,1.7976931348623157e+308,0.0,1945.5,1945.0,1944.0,1943.5,1943.0,1947.5,1948.0,1948.5,1949.0,1950.0,2,3,1,3,9,3,1,1,2,1
20191128,15:35:54.0,2019-11-28 15:35:54,PB3M,LME,1946.5,0,425,0.0,1943.0,1962.0,1942.0,0.0,0.0,1.7976931348623157e+308,1.7976931348623157e+308,0.0,1946.0,1945.0,1944.0,1943.5,1943.0,1947.5,1948.0,1948.5,1949.0,1950.0,1,3,1,3,9,3,1,1,2,1
20191128,15:36:07.0,2019-11-28 15:36:07,PB3M,LME,1946.5,0,425,0.0,1943.0,1962.0,1942.0,0.0,0.0,1.7976931348623157e+308,1.7976931348623157e+308,0.0,1946.0,1945.5,1945.0,1944.0,1943.5,1947.5,1948.0,1948.5,1949.0,1949.5,1,2,3,1,3,4,1,1,2,2
20191128,15:36:12.0,2019-11-28 15:36:12,PB3M,LME,1946.5,0,425,0.0,1943.0,1962.0,1942.0,0.0,0.0,1.7976931348623157e+308,1.7976931348623157e+308,0.0,1946.0,1945.5,1945.0,1944.0,1943.5,1947.5,1948.0,1948.5,1949.0,1949.5,1,2,3,1,3,3,1,1,2,2
20191128,15:36:19.0,2019-11-28 15:36:19,PB3M,LME,1946.5,0,425,0.0,1943.0,1962.0,1942.0,0.0,0.0,1.7976931348623157e+308,1.7976931348623157e+308,0.0,1946.0,1945.5,1945.0,1944.0,1943.5,1947.5,1948.0,1948.5,1949.0,1949.5,2,2,3,1,3,3,1,1,2,2
20191128,15:36:20.0,2019-11-28 15:36:20,PB3M,LME,1946.5,0,425,0.0,1943.0,1962.0,1942.0,0.0,0.0,1.7976931348623157e+308,1.7976931348623157e+308,0.0,1946.0,1945.5,1945.0,1944.0,1943.5,1947.0,1947.5,1948.0,1948.5,1949.0,2,2,3,1,3,1,3,1,1,2
20191128,15:36:29.0,2019-11-28 15:36:29,PB3M,LME,1946.0,0,426,0.0,1943.0,1962.0,1942.0,0.0,0.0,1.7976931348623157e+308,1.7976931348623157e+308,0.0,1946.0,1945.5,1945.0,1944.0,1943.5,1947.5,1948.0,1948.5,1949.0,1949.5,1,2,3,1,3,3,1,1,2,2
20191128,15:36:39.0,2019-11-28 15:36:39,PB3M,LME,1946.0,0,426,0.0,1943.0,1962.0,1942.0,0.0,0.0,1.7976931348623157e+308,1.7976931348623157e+308,0.0,1946.0,1945.5,1945.0,1944.0,1943.5,1947.5,1948.0,1948.5,1949.0,1950.0,1,2,3,1,3,3,1,1,2,1
20191128,15:38:05.0,2019-11-28 15:38:05,PB3M,LME,1946.0,0,426,0.0,1943.0,1962.0,1942.0,0.0,0.0,1.7976931348623157e+308,1.7976931348623157e+308,0.0,1946.0,1945.5,1945.0,1944.0,1943.5,1947.5,1948.0,1948.5,1949.0,1950.0,1,2,3,1,3,4,1,1,2,1
20191128,15:39:20.0,2019-11-28 15:39:20,PB3M,LME,1946.0,0,426,0.0,1943.0,1962.0,1942.0,0.0,0.0,1.7976931348623157e+308,1.7976931348623157e+308,0.0,1946.0,1945.5,1945.0,1944.0,1943.5,1947.5,1948.0,1948.5,1949.0,1950.0,1,2,3,1,3,5,1,1,2,1
20191128,15:40:01.0,2019-11-28 15:40:01,PB3M,LME,1946.0,0,426,0.0,1943.0,1962.0,1942.0,0.0,0.0,1.7976931348623157e+308,1.7976931348623157e+308,0.0,1946.0,1945.5,1945.0,1944.0,1943.5,1947.0,1947.5,1948.0,1948.5,1949.0,1,2,3,1,3,1,5,1,1,2
20191128,15:41:20.0,2019-11-28 15:41:20,PB3M,LME,1946.0,0,427,0.0,1943.0,1962.0,1942.0,0.0,0.0,1.7976931348623157e+308,1.7976931348623157e+308,0.0,1945.5,1945.0,1944.0,1943.5,1943.0,1946.5,1947.0,1947.5,1948.0,1948.5,1,3,1,3,9,1,3,3,1,1
20191128,15:41:21.0,2019-11-28 15:41:21,PB3M,LME,1946.0,0,427,0.0,1943.0,1962.0,1942.0,0.0,0.0,1.7976931348623157e+308,1.7976931348623157e+308,0.0,1945.0,1944.5,1944.0,1943.5,1943.0,1946.5,1947.0,1947.5,1948.0,1948.5,3,1,1,3,9,3,2,3,1,1
20191128,15:41:25.0,2019-11-28 15:41:25,PB3M,LME,1946.0,0,427,0.0,1943.0,1962.0,1942.0,0.0,0.0,1.7976931348623157e+308,1.7976931348623157e+308,0.0,1945.0,1944.5,1944.0,1943.5,1943.0,1946.5,1947.0,1947.5,1948.0,1948.5,3,1,1,3,9,4,1,3,1,1
20191128,15:41:50.0,2019-11-28 15:41:50,PB3M,LME,1946.0,0,427,0.0,1943.0,1962.0,1942.0,0.0,0.0,1.7976931348623157e+308,1.7976931348623157e+308,0.0,1945.0,1944.5,1944.0,1943.5,1943.0,1945.5,1946.5,1947.0,1947.5,1948.0,3,1,1,3,9,1,4,1,3,1
20191128,15:41:51.0,2019-11-28 15:41:51,PB3M,LME,1945.0,0,430,0.0,1943.0,1962.0,1942.0,0.0,0.0,1.7976931348623157e+308,1.7976931348623157e+308,0.0,1945.0,1944.5,1944.0,1943.5,1943.0,1946.5,1947.0,1947.5,1948.0,1948.5,2,1,1,3,9,1,1,3,1,1
20191128,15:44:21.0,2019-11-28 15:44:21,PB3M,LME,1945.0,0,430,0.0,1943.0,1962.0,1942.0,0.0,0.0,1.7976931348623157e+308,1.7976931348623157e+308,0.0,1945.0,1944.5,1944.0,1943.5,1943.0,1946.0,1947.0,1947.5,1948.0,1948.5,2,1,1,3,9,1,1,3,1,1
20191128,15:44:22.0,2019-11-28 15:44:22,PB3M,LME,1945.5,0,431,0.0,1943.0,1962.0,1942.0,0.0,0.0,1.7976931348623157e+308,1.7976931348623157e+308,0.0,1945.5,1945.0,1944.5,1944.0,1943.5,1946.5,1947.0,1947.5,1948.0,1948.5,1,2,1,1,3,1,1,3,1,1
20191128,15:44:45.0,2019-11-28 15:44:45,PB3M,LME,1945.5,0,431,0.0,1943.0,1962.0,1942.0,0.0,0.0,1.7976931348623157e+308,1.7976931348623157e+308,0.0,1945.5,1945.0,1944.5,1944.0,1943.5,1946.5,1947.0,1947.5,1948.0,1948.5,1,2,1,1,3,2,1,3,1,1
20191128,15:45:17.0,2019-11-28 15:45:17,PB3M,LME,1946.5,0,432,0.0,1943.0,1962.0,1942.0,0.0,0.0,1.7976931348623157e+308,1.7976931348623157e+308,0.0,1945.5,1945.0,1944.5,1944.0,1943.5,1946.5,1947.0,1947.5,1948.0,1948.5,1,2,1,1,3,2,1,3,1,1
20191128,15:46:51.0,2019-11-28 15:46:51,PB3M,LME,1946.5,0,432,0.0,1943.0,1962.0,1942.0,0.0,0.0,1.7976931348623157e+308,1.7976931348623157e+308,0.0,1945.5,1945.0,1944.5,1944.0,1943.5,1946.0,1947.0,1947.5,1948.0,1948.5,1,2,1,1,3,1,1,3,1,1
20191128,15:46:52.0,2019-11-28 15:46:52,PB3M,LME,1946.5,0,432,0.0,1943.0,1962.0,1942.0,0.0,0.0,1.7976931348623157e+308,1.7976931348623157e+308,0.0,1945.5,1945.0,1944.5,1944.0,1943.5,1946.0,1946.5,1947.0,1947.5,1948.0,1,2,1,1,3,2,1,1,3,1
20191128,15:46:52.0,2019-11-28 15:46:52,PB3M,LME,1945.5,0,433,0.0,1943.0,1962.0,1942.0,0.0,0.0,1.7976931348623157e+308,1.7976931348623157e+308,0.0,1945.5,1945.0,1944.5,1944.0,1943.5,1946.0,1946.5,1947.5,1948.0,1948.5,1,2,1,1,3,3,1,3,1,1
20191128,15:46:53.0,2019-11-28 15:46:53,PB3M,LME,1945.5,0,433,0.0,1943.0,1962.0,1942.0,0.0,0.0,1.7976931348623157e+308,1.7976931348623157e+308,0.0,1945.0,1944.5,1944.0,1943.5,1943.0,1946.0,1946.5,1947.5,1948.0,1948.5,2,1,1,3,9,2,1,3,1,1
20191128,15:46:55.0,2019-11-28 15:46:55,PB3M,LME,1945.5,0,433,0.0,1943.0,1962.0,1942.0,0.0,0.0,1.7976931348623157e+308,1.7976931348623157e+308,0.0,1945.0,1944.5,1944.0,1943.5,1943.0,1945.5,1946.0,1946.5,1947.5,1948.0,2,1,1,3,9,6,2,1,3,1
20191128,15:47:07.0,2019-11-28 15:47:07,PB3M,LME,1945.0,0,434,0.0,1943.0,1962.0,1942.0,0.0,0.0,1.7976931348623157e+308,1.7976931348623157e+308,0.0,1945.0,1944.5,1944.0,1943.5,1943.0,1945.5,1946.5,1947.5,1948.0,1948.5,1,1,1,3,9,6,1,3,1,1
20191128,15:47:19.0,2019-11-28 15:47:19,PB3M,LME,1945.0,0,434,0.0,1943.0,1962.0,1942.0,0.0,0.0,1.7976931348623157e+308,1.7976931348623157e+308,0.0,1945.0,1944.5,1944.0,1943.5,1943.0,1945.5,1946.5,1947.5,1948.0,1948.5,2,1,1,3,9,6,1,3,1,1
20191128,15:48:31.0,2019-11-28 15:48:31,PB3M,LME,1945.5,0,440,0.0,1943.0,1962.0,1942.0,0.0,0.0,1.7976931348623157e+308,1.7976931348623157e+308,0.0,1945.0,1944.5,1944.0,1943.5,1943.0,1945.5,1946.5,1947.5,1948.0,1948.5,2,1,1,3,9,2,1,3,1,1
20191128,15:48:31.0,2019-11-28 15:48:31,PB3M,LME,1945.5,0,441,0.0,1943.0,1962.0,1942.0,0.0,0.0,1.7976931348623157e+308,1.7976931348623157e+308,0.0,1945.5,1945.0,1944.5,1944.0,1943.5,1946.5,1947.5,1948.0,1948.5,1949.0,1,2,1,1,3,1,3,1,1,1
20191128,15:48:47.0,2019-11-28 15:48:47,PB3M,LME,1945.5,0,441,0.0,1943.0,1962.0,1942.0,0.0,0.0,1.7976931348623157e+308,1.7976931348623157e+308,0.0,1945.5,1945.0,1944.5,1944.0,1943.5,1946.5,1947.5,1948.0,1948.5,1949.0,2,3,1,1,3,1,3,1,1,1
20191128,15:48:54.0,2019-11-28 15:48:54,PB3M,LME,1945.5,0,441,0.0,1943.0,1962.0,1942.0,0.0,0.0,1.7976931348623157e+308,1.7976931348623157e+308,0.0,1945.5,1945.0,1944.5,1944.0,1943.5,1946.5,1947.5,1948.0,1948.5,1949.0,1,2,1,1,3,1,3,1,1,1
20191128,15:48:55.0,2019-11-28 15:48:55,PB3M,LME,1945.5,0,441,0.0,1943.0,1962.0,1942.0,0.0,0.0,1.7976931348623157e+308,1.7976931348623157e+308,0.0,1945.0,1944.5,1944.0,1943.5,1943.0,1946.5,1947.5,1948.0,1948.5,1949.0,2,1,1,3,9,2,3,1,1,1
20191128,15:49:22.0,2019-11-28 15:49:22,PB3M,LME,1945.5,0,441,0.0,1943.0,1962.0,1942.0,0.0,0.0,1.7976931348623157e+308,1.7976931348623157e+308,0.0,1945.0,1944.5,1944.0,1943.5,1943.0,1945.5,1946.5,1947.5,1948.0,1948.5,2,1,1,3,9,1,2,3,1,1
20191128,15:49:32.0,2019-11-28 15:49:32,PB3M,LME,1945.5,0,442,0.0,1943.0,1962.0,1942.0,0.0,0.0,1.7976931348623157e+308,1.7976931348623157e+308,0.0,1945.0,1944.5,1944.0,1943.5,1943.0,1945.5,1946.5,1947.5,1948.0,1948.5,2,1,1,3,9,1,2,3,1,1
20191128,15:49:33.0,2019-11-28 15:49:33,PB3M,LME,1945.5,0,442,0.0,1943.0,1962.0,1942.0,0.0,0.0,1.7976931348623157e+308,1.7976931348623157e+308,0.0,1945.0,1944.5,1944.0,1943.5,1943.0,1946.5,1947.5,1948.0,1948.5,1949.0,2,1,1,3,9,2,3,1,1,1
20191128,15:49:45.0,2019-11-28 15:49:45,PB3M,LME,1945.5,0,442,0.0,1943.0,1962.0,1942.0,0.0,0.0,1.7976931348623157e+308,1.7976931348623157e+308,0.0,1945.0,1944.5,1944.0,1943.5,1943.0,1946.5,1947.5,1948.0,1948.5,1949.0,2,1,1,3,9,3,3,1,1,1
20191128,15:50:00.0,2019-11-28 15:50:00,PB3M,LME,1945.5,0,442,0.0,1943.0,1962.0,1942.0,0.0,0.0,1.7976931348623157e+308,1.7976931348623157e+308,0.0,1945.0,1944.5,1944.0,1943.5,1943.0,1946.5,1947.5,1948.0,1948.5,1949.0,2,1,1,3,9,4,3,1,1,1
20191128,15:50:01.0,2019-11-28 15:50:01,PB3M,LME,1945.0,0,443,0.0,1943.0,1962.0,1942.0,0.0,0.0,1.7976931348623157e+308,1.7976931348623157e+308,0.0,1945.0,1944.5,1944.0,1943.5,1943.0,1946.5,1947.5,1948.0,1948.5,1949.0,2,1,1,3,9,3,3,1,1,1
20191128,15:50:12.0,2019-11-28 15:50:12,PB3M,LME,1945.0,0,449,0.0,1943.0,1962.0,1942.0,0.0,0.0,1.7976931348623157e+308,1.7976931348623157e+308,0.0,1944.0,1943.5,1943.0,1942.0,1941.5,1945.5,1946.0,1946.5,1947.5,1948.0,1,3,9,4,4,2,12,3,3,1
20191128,15:50:13.0,2019-11-28 15:50:13,PB3M,LME,1945.0,0,449,0.0,1943.0,1962.0,1942.0,0.0,0.0,1.7976931348623157e+308,1.7976931348623157e+308,0.0,1943.5,1943.0,1942.0,1941.5,1941.0,1945.5,1946.0,1946.5,1947.5,1948.0,4,9,4,4,1,2,12,3,3,1
20191128,15:50:19.0,2019-11-28 15:50:19,PB3M,LME,1945.0,0,449,0.0,1943.0,1962.0,1942.0,0.0,0.0,1.7976931348623157e+308,1.7976931348623157e+308,0.0,1943.5,1943.0,1942.0,1941.5,1941.0,1945.5,1946.0,1946.5,1947.5,1948.0,4,9,4,4,1,9,12,3,3,1
20191128,15:50:28.0,2019-11-28 15:50:28,PB3M,LME,1945.0,0,449,0.0,1943.0,1962.0,1942.0,0.0,0.0,1.7976931348623157e+308,1.7976931348623157e+308,0.0,1943.5,1943.0,1942.0,1941.0,1940.5,1945.5,1946.0,1946.5,1947.5,1948.0,1,9,4,1,1,9,12,3,3,1
20191128,15:50:32.0,2019-11-28 15:50:32,PB3M,LME,1943.5,0,450,0.0,1943.0,1962.0,1942.0,0.0,0.0,1.7976931348623157e+308,1.7976931348623157e+308,0.0,1943.0,1942.5,1942.0,1941.0,1940.5,1944.5,1945.0,1945.5,1946.0,1946.5,9,1,4,1,1,1,6,9,12,2
20191128,15:50:32.0,2019-11-28 15:50:32,PB3M,LME,1943.0,0,459,0.0,1943.0,1962.0,1942.0,0.0,0.0,1.7976931348623157e+308,1.7976931348623157e+308,0.0,1942.0,1941.5,1941.0,1940.5,1940.0,1943.0,1943.5,1944.5,1945.0,1945.5,3,1,1,2,1,3,2,3,5,8
20191128,15:50:41.0,2019-11-28 15:50:41,PB3M,LME,1943.0,0,459,0.0,1943.0,1962.0,1942.0,0.0,0.0,1.7976931348623157e+308,1.7976931348623157e+308,0.0,1942.5,1941.5,1941.0,1940.5,1940.0,1943.0,1943.5,1944.5,1945.0,1945.5,1,1,1,1,1,3,2,3,4,8
20191128,15:50:46.0,2019-11-28 15:50:46,PB3M,LME,1943.0,0,459,0.0,1943.0,1962.0,1942.0,0.0,0.0,1.7976931348623157e+308,1.7976931348623157e+308,0.0,1942.0,1942.0,1941.5,1941.0,1940.5,1943.0,1943.5,1944.5,1945.0,1945.5,3,3,1,1,1,2,2,3,4,8
20191128,15:51:01.0,2019-11-28 15:51:01,PB3M,LME,1942.5,0,461,0.0,1943.0,1962.0,1942.0,0.0,0.0,1.7976931348623157e+308,1.7976931348623157e+308,0.0,1942.5,1942.0,1941.5,1941.0,1940.5,1944.5,1945.0,1945.5,1946.0,1946.5,1,3,1,1,1,4,4,8,11,3
20191128,15:51:05.0,2019-11-28 15:51:05,PB3M,LME,1943.0,0,462,0.0,1943.0,1962.0,1942.0,0.0,0.0,1.7976931348623157e+308,1.7976931348623157e+308,0.0,1942.0,1941.5,1941.0,1940.5,1940.0,1943.0,1943.5,1944.5,1945.0,1945.5,3,1,1,1,1,1,2,3,4,8
20191128,15:51:25.0,2019-11-28 15:51:25,PB3M,LME,1943.0,0,462,0.0,1943.0,1962.0,1942.0,0.0,0.0,1.7976931348623157e+308,1.7976931348623157e+308,0.0,1942.5,1942.0,1941.5,1941.0,1940.5,1943.5,1944.5,1945.0,1945.5,1946.0,1,3,1,1,1,2,3,4,8,11
20191128,15:51:33.0,2019-11-28 15:51:33,PB3M,LME,1943.5,0,464,0.0,1943.0,1962.0,1942.0,0.0,0.0,1.7976931348623157e+308,1.7976931348623157e+308,0.0,1943.5,1942.5,1942.0,1941.5,1941.0,1944.5,1945.0,1945.5,1946.0,1946.5,3,1,3,1,1,2,4,8,11,1
20191128,15:51:34.0,2019-11-28 15:51:34,PB3M,LME,1943.5,0,466,0.0,1943.0,1962.0,1942.0,0.0,0.0,1.7976931348623157e+308,1.7976931348623157e+308,0.0,1943.5,1942.5,1942.0,1941.5,1941.0,1944.5,1945.0,1945.5,1946.0,1946.5,1,1,3,1,1,2,4,8,11,1
20191128,15:51:52.0,2019-11-28 15:51:52,PB3M,LME,1943.5,0,466,0.0,1943.0,1962.0,1942.0,0.0,0.0,1.7976931348623157e+308,1.7976931348623157e+308,0.0,1943.5,1942.5,1942.0,1941.5,1941.0,1944.0,1945.0,1945.5,1946.0,1946.5,1,1,3,1,1,1,14,8,1,1
20191128,15:51:53.0,2019-11-28 15:51:53,PB3M,LME,1943.5,0,467,0.0,1943.0,1962.0,1942.0,0.0,0.0,1.7976931348623157e+308,1.7976931348623157e+308,0.0,1942.5,1942.0,1941.5,1941.0,1940.5,1943.5,1944.0,1944.5,1945.0,1945.5,1,3,1,1,1,1,1,4,14,8
20191128,15:51:54.0,2019-11-28 15:51:54,PB3M,LME,1943.0,0,468,0.0,1943.0,1962.0,1942.0,0.0,0.0,1.7976931348623157e+308,1.7976931348623157e+308,0.0,1942.5,1942.0,1941.5,1941.0,1940.5,1943.5,1944.5,1945.0,1945.5,1946.0,1,3,1,1,1,1,3,14,3,1
20191128,15:51:57.0,2019-11-28 15:51:57,PB3M,LME,1943.0,0,468,0.0,1943.0,1962.0,1942.0,0.0,0.0,1.7976931348623157e+308,1.7976931348623157e+308,0.0,1942.5,1942.0,1941.5,1941.0,1940.5,1943.5,1944.5,1945.0,1945.5,1946.0,1,3,1,1,1,6,3,14,3,1
20191128,15:54:23.0,2019-11-28 15:54:23,PB3M,LME,1942.5,0,469,0.0,1943.0,1962.0,1942.0,0.0,0.0,1.7976931348623157e+308,1.7976931348623157e+308,0.0,1942.5,1942.0,1941.5,1941.0,1940.5,1943.5,1944.5,1945.0,1945.5,1946.0,1,3,1,1,1,6,3,14,3,1
20191128,15:54:24.0,2019-11-28 15:54:24,PB3M,LME,1942.5,0,469,0.0,1943.0,1962.0,1942.0,0.0,0.0,1.7976931348623157e+308,1.7976931348623157e+308,0.0,1942.0,1941.5,1941.0,1940.5,1940.0,1943.5,1944.5,1945.0,1945.5,1946.0,3,1,1,1,1,6,3,14,3,1
20191128,15:54:45.0,2019-11-28 15:54:45,PB3M,LME,1942.5,0,469,0.0,1943.0,1962.0,1942.0,0.0,0.0,1.7976931348623157e+308,1.7976931348623157e+308,0.0,1942.0,1941.5,1941.0,1940.5,1940.0,1943.5,1944.5,1945.0,1945.5,1946.0,3,1,1,2,1,7,3,14,3,1
20191128,15:56:25.0,2019-11-28 15:56:25,PB3M,LME,1942.5,0,469,0.0,1943.0,1962.0,1942.0,0.0,0.0,1.7976931348623157e+308,1.7976931348623157e+308,0.0,1942.0,1941.5,1941.0,1940.5,1940.0,1943.5,1944.0,1944.5,1945.0,1945.5,3,1,1,2,1,8,1,3,14,3
20191128,15:56:30.0,2019-11-28 15:56:30,PB3M,LME,1942.0,0,470,0.0,1943.0,1962.0,1942.0,0.0,0.0,1.7976931348623157e+308,1.7976931348623157e+308,0.0,1942.0,1941.5,1941.0,1940.5,1940.0,1943.5,1944.0,1944.5,1945.0,1945.5,3,1,1,2,1,8,1,3,14,3
20191128,15:56:31.0,2019-11-28 15:56:31,PB3M,LME,1942.0,0,470,0.0,1943.0,1962.0,1942.0,0.0,0.0,1.7976931348623157e+308,1.7976931348623157e+308,0.0,1942.0,1941.5,1941.0,1940.5,1940.0,1943.5,1944.0,1944.5,1945.0,1945.5,2,1,1,2,1,8,1,3,14,3
20191128,15:56:55.0,2019-11-28 15:56:55,PB3M,LME,1942.0,0,471,0.0,1943.0,1962.0,1942.0,0.0,0.0,1.7976931348623157e+308,1.7976931348623157e+308,0.0,1942.0,1941.5,1941.0,1940.5,1940.0,1942.5,1943.5,1944.0,1944.5,1945.0,2,1,1,2,1,1,8,1,3,14
20191128,15:56:55.0,2019-11-28 15:56:55,PB3M,LME,1942.0,0,472,0.0,1943.0,1962.0,1942.0,0.0,0.0,1.7976931348623157e+308,1.7976931348623157e+308,0.0,1941.0,1940.5,1940.0,1939.5,1939.0,1942.0,1942.5,1943.5,1944.0,1944.5,1,1,1,2,2,2,3,6,1,3
20191128,15:56:57.0,2019-11-28 15:56:57,PB3M,LME,1942.0,0,472,0.0,1943.0,1962.0,1942.0,0.0,0.0,1.7976931348623157e+308,1.7976931348623157e+308,0.0,1941.0,1940.5,1940.0,1939.5,1939.0,1942.0,1942.5,1943.5,1944.0,1944.5,1,1,2,2,2,1,3,6,1,3
20191128,15:56:58.0,2019-11-28 15:56:58,PB3M,LME,1942.0,0,472,0.0,1943.0,1962.0,1942.0,0.0,0.0,1.7976931348623157e+308,1.7976931348623157e+308,0.0,1941.0,1940.5,1940.0,1939.5,1939.0,1942.0,1942.5,1943.5,1944.0,1944.5,1,1,2,2,2,3,1,6,1,3
20191128,15:57:25.0,2019-11-28 15:57:25,PB3M,LME,1942.0,0,472,0.0,1943.0,1962.0,1942.0,0.0,0.0,1.7976931348623157e+308,1.7976931348623157e+308,0.0,1941.0,1940.5,1940.0,1939.5,1939.0,1942.0,1942.5,1943.5,1944.0,1944.5,1,1,2,2,2,4,1,6,1,3
20191128,15:58:05.0,2019-11-28 15:58:05,PB3M,LME,1942.0,0,472,0.0,1943.0,1962.0,1942.0,0.0,0.0,1.7976931348623157e+308,1.7976931348623157e+308,0.0,1941.0,1940.5,1940.0,1939.5,1939.0,1942.0,1942.5,1943.5,1944.0,1944.5,1,1,2,2,2,5,1,6,1,3
20191128,15:58:19.0,2019-11-28 15:58:19,PB3M,LME,1942.0,0,472,0.0,1943.0,1962.0,1942.0,0.0,0.0,1.7976931348623157e+308,1.7976931348623157e+308,0.0,1941.0,1940.5,1940.0,1939.5,1939.0,1941.5,1942.5,1943.5,1944.0,1944.5,1,1,2,2,2,1,1,6,1,3
20191128,15:58:20.0,2019-11-28 15:58:20,PB3M,LME,1941.0,0,473,0.0,1943.0,1962.0,1941.0,0.0,0.0,1.7976931348623157e+308,1.7976931348623157e+308,0.0,1940.5,1940.0,1939.5,1939.0,1938.5,1941.5,1942.0,1942.5,1943.5,1944.0,1,2,2,2,2,1,5,1,6,1
20191128,15:58:41.0,2019-11-28 15:58:41,PB3M,LME,1941.5,0,477,0.0,1943.0,1962.0,1941.0,0.0,0.0,1.7976931348623157e+308,1.7976931348623157e+308,0.0,1941.0,1940.5,1940.0,1939.5,1939.0,1942.0,1942.0,1942.5,1943.5,1944.0,1,1,2,2,2,2,2,1,6,1
20191128,15:58:46.0,2019-11-28 15:58:46,PB3M,LME,1941.5,0,477,0.0,1943.0,1962.0,1941.0,0.0,0.0,1.7976931348623157e+308,1.7976931348623157e+308,0.0,1941.5,1940.5,1940.0,1939.5,1939.0,1942.0,1942.5,1943.5,1944.0,1944.5,1,1,1,3,2,1,1,6,1,3
20191128,15:58:51.0,2019-11-28 15:58:51,PB3M,LME,1941.5,0,477,0.0,1943.0,1962.0,1941.0,0.0,0.0,1.7976931348623157e+308,1.7976931348623157e+308,0.0,1941.0,1941.0,1940.5,1940.0,1939.5,1942.0,1942.5,1943.5,1944.0,1944.5,1,1,1,1,2,1,1,6,1,3
20191128,15:59:24.0,2019-11-28 15:59:24,PB3M,LME,1941.5,0,477,0.0,1943.0,1962.0,1941.0,0.0,0.0,1.7976931348623157e+308,1.7976931348623157e+308,0.0,1941.0,1940.5,1940.0,1939.5,1939.0,1941.5,1942.5,1943.0,1943.5,1944.0,1,2,1,3,2,1,1,2,6,1
20191128,15:59:25.0,2019-11-28 15:59:25,PB3M,LME,1941.0,0,478,0.0,1943.0,1962.0,1941.0,0.0,0.0,1.7976931348623157e+308,1.7976931348623157e+308,0.0,1941.0,1940.5,1940.0,1939.5,1939.0,1941.5,1942.0,1942.5,1943.0,1943.5,1,2,1,3,2,1,1,1,2,6
20191128,15:59:39.0,2019-11-28 15:59:39,PB3M,LME,1941.0,0,478,0.0,1943.0,1962.0,1941.0,0.0,0.0,1.7976931348623157e+308,1.7976931348623157e+308,0.0,1941.0,1940.0,1939.5,1939.0,1938.5,1941.5,1942.0,1942.5,1943.0,1943.5,1,1,3,2,1,1,1,1,2,6
20191128,15:59:40.0,2019-11-28 15:59:40,PB3M,LME,1941.0,0,478,0.0,1943.0,1962.0,1941.0,0.0,0.0,1.7976931348623157e+308,1.7976931348623157e+308,0.0,1941.0,1940.5,1940.0,1939.5,1939.0,1942.0,1942.5,1943.0,1943.5,1944.0,2,2,1,3,2,1,1,2,6,1
20191128,15:59:49.0,2019-11-28 15:59:49,PB3M,LME,1941.0,0,478,0.0,1943.0,1962.0,1941.0,0.0,0.0,1.7976931348623157e+308,1.7976931348623157e+308,0.0,1941.0,1940.5,1940.0,1939.5,1939.0,1942.0,1942.5,1943.0,1943.5,1944.0,3,2,1,3,2,1,1,2,6,1
20191128,15:59:55.0,2019-11-28 15:59:55,PB3M,LME,1941.0,0,478,0.0,1943.0,1962.0,1941.0,0.0,0.0,1.7976931348623157e+308,1.7976931348623157e+308,0.0,1941.5,1941.0,1940.5,1940.0,1939.5,1942.0,1942.5,1943.0,1943.5,1944.0,1,3,2,2,2,1,1,2,6,1
20191128,15:59:59.0,2019-11-28 15:59:59,PB3M,LME,1942.0,0,479,0.0,1943.0,1962.0,1941.0,0.0,0.0,1.7976931348623157e+308,1.7976931348623157e+308,0.0,1941.5,1941.0,1940.5,1940.0,1939.5,1942.5,1943.0,1943.5,1944.0,1944.5,1,3,2,2,2,1,2,6,1,3
20191128,15:59:59.0,2019-11-28 15:59:59,PB3M,LME,1941.0,0,481,0.0,1943.0,1962.0,1941.0,0.0,0.0,1.7976931348623157e+308,1.7976931348623157e+308,0.0,1941.0,1940.5,1940.0,1939.5,1939.0,1942.5,1943.0,1943.5,1944.0,1944.5,2,2,2,2,2,1,2,6,1,3
20191128,16:00:09.0,2019-11-28 16:00:09,PB3M,LME,1941.0,0,481,0.0,1943.0,1962.0,1941.0,0.0,0.0,1.7976931348623157e+308,1.7976931348623157e+308,0.0,1941.5,1941.0,1940.5,1940.0,1939.5,1942.5,1943.0,1943.5,1944.0,1944.5,2,2,1,2,2,3,2,6,1,3
20191128,16:00:21.0,2019-11-28 16:00:21,PB3M,LME,1941.0,0,484,0.0,1943.0,1962.0,1941.0,0.0,0.0,1.7976931348623157e+308,1.7976931348623157e+308,0.0,1941.0,1940.5,1940.0,1939.5,1939.0,1942.0,1943.5,1944.0,1944.5,1945.0,2,1,2,2,2,1,6,1,3,12
20191128,16:00:22.0,2019-11-28 16:00:22,PB3M,LME,1941.0,0,484,0.0,1943.0,1962.0,1941.0,0.0,0.0,1.7976931348623157e+308,1.7976931348623157e+308,0.0,1941.0,1940.5,1940.0,1939.5,1939.0,1942.0,1942.5,1943.5,1944.0,1944.5,1,1,2,2,2,3,4,1,1,3
20191128,16:00:25.0,2019-11-28 16:00:25,PB3M,LME,1941.0,0,491,0.0,1943.0,1962.0,1941.0,0.0,0.0,1.7976931348623157e+308,1.7976931348623157e+308,0.0,1940.5,1940.0,1939.5,1939.0,1938.5,1941.0,1941.5,1942.0,1942.5,1943.5,1,2,2,2,1,2,6,3,4,1
20191128,16:00:26.0,2019-11-28 16:00:26,PB3M,LME,1940.5,0,492,0.0,1943.0,1962.0,1940.5,0.0,0.0,1.7976931348623157e+308,1.7976931348623157e+308,0.0,1940.0,1939.5,1939.0,1938.5,1938.0,1941.0,1941.5,1942.0,1942.5,1943.5,2,2,2,1,4,3,6,3,3,1
20191128,16:00:27.0,2019-11-28 16:00:27,PB3M,LME,1940.5,0,492,0.0,1943.0,1962.0,1940.5,0.0,0.0,1.7976931348623157e+308,1.7976931348623157e+308,0.0,1940.0,1939.5,1939.0,1938.5,1938.0,1941.0,1941.5,1942.0,1942.5,1943.5,2,2,2,1,4,4,6,3,3,1
20191128,16:00:29.0,2019-11-28 16:00:29,PB3M,LME,1940.5,0,492,0.0,1943.0,1962.0,1940.5,0.0,0.0,1.7976931348623157e+308,1.7976931348623157e+308,0.0,1940.0,1939.5,1939.0,1938.5,1938.0,1941.0,1941.5,1942.0,1942.5,1943.5,2,2,2,1,4,6,6,1,3,1
20191128,16:00:35.0,2019-11-28 16:00:35,PB3M,LME,1940.5,0,493,0.0,1943.0,1962.0,1940.5,0.0,0.0,1.7976931348623157e+308,1.7976931348623157e+308,0.0,1940.0,1939.5,1939.0,1938.5,1938.0,1940.5,1941.0,1941.5,1942.5,1943.5,2,2,2,1,4,2,4,6,3,3
20191128,16:00:36.0,2019-11-28 16:00:36,PB3M,LME,1940.5,0,493,0.0,1943.0,1962.0,1940.5,0.0,0.0,1.7976931348623157e+308,1.7976931348623157e+308,0.0,1940.0,1939.5,1939.0,1938.5,1938.0,1940.5,1941.0,1941.5,1942.5,1943.5,2,2,2,1,4,4,4,6,3,3
20191128,16:00:42.0,2019-11-28 16:00:42,PB3M,LME,1938.5,0,500,0.0,1943.0,1962.0,1938.5,0.0,0.0,1.7976931348623157e+308,1.7976931348623157e+308,0.0,1938.0,1937.5,1936.5,1936.0,1935.5,1938.5,1939.0,1940.0,1940.5,1941.0,4,1,1,2,4,1,1,1,4,2
20191128,16:00:42.0,2019-11-28 16:00:42,PB3M,LME,1938.5,0,501,0.0,1943.0,1962.0,1938.5,0.0,0.0,1.7976931348623157e+308,1.7976931348623157e+308,0.0,1938.0,1937.5,1936.5,1936.0,1935.5,1939.0,1940.0,1940.5,1941.0,1941.5,3,1,1,2,6,1,3,4,2,6
20191128,16:00:43.0,2019-11-28 16:00:43,PB3M,LME,1939.0,0,502,0.0,1943.0,1962.0,1938.5,0.0,0.0,1.7976931348623157e+308,1.7976931348623157e+308,0.0,1938.5,1938.0,1937.5,1936.5,1936.0,1939.0,1940.0,1940.5,1941.0,1941.5,2,5,1,1,2,3,1,2,2,1
20191128,16:00:44.0,2019-11-28 16:00:44,PB3M,LME,1939.0,0,502,0.0,1943.0,1962.0,1938.5,0.0,0.0,1.7976931348623157e+308,1.7976931348623157e+308,0.0,1938.5,1938.0,1937.5,1936.5,1936.0,1939.0,1940.0,1940.5,1941.0,1941.5,2,5,1,1,2,8,1,2,2,1
20191128,16:00:47.0,2019-11-28 16:00:47,PB3M,LME,1939.0,0,502,0.0,1943.0,1962.0,1938.5,0.0,0.0,1.7976931348623157e+308,1.7976931348623157e+308,0.0,1938.0,1937.5,1936.5,1936.0,1935.5,1938.5,1939.0,1940.0,1940.5,1941.0,5,1,1,2,6,1,8,1,2,2
20191128,16:00:48.0,2019-11-28 16:00:48,PB3M,LME,1939.0,0,502,0.0,1943.0,1962.0,1938.5,0.0,0.0,1.7976931348623157e+308,1.7976931348623157e+308,0.0,1938.0,1937.5,1936.5,1936.0,1935.5,1938.5,1939.0,1940.0,1940.5,1941.0,5,1,1,2,6,3,8,1,2,2
20191128,16:01:12.0,2019-11-28 16:01:12,PB3M,LME,1938.5,0,504,0.0,1943.0,1962.0,1938.5,0.0,0.0,1.7976931348623157e+308,1.7976931348623157e+308,0.0,1938.5,1938.0,1937.5,1936.5,1936.0,1939.0,1940.0,1940.5,1941.0,1941.5,1,5,2,1,3,6,1,2,2,1
20191128,16:01:13.0,2019-11-28 16:01:13,PB3M,LME,1938.5,0,504,0.0,1943.0,1962.0,1938.5,0.0,0.0,1.7976931348623157e+308,1.7976931348623157e+308,0.0,1938.5,1938.0,1937.5,1936.5,1936.0,1939.0,1940.0,1940.5,1941.0,1941.5,1,5,2,1,3,7,1,2,2,1
20191128,16:01:14.0,2019-11-28 16:01:14,PB3M,LME,1938.5,0,504,0.0,1943.0,1962.0,1938.5,0.0,0.0,1.7976931348623157e+308,1.7976931348623157e+308,0.0,1938.0,1937.5,1936.5,1936.0,1935.5,1939.0,1940.0,1940.5,1941.0,1941.5,6,2,1,3,2,7,1,2,2,1
20191128,16:01:18.0,2019-11-28 16:01:18,PB3M,LME,1938.5,0,504,0.0,1943.0,1962.0,1938.5,0.0,0.0,1.7976931348623157e+308,1.7976931348623157e+308,0.0,1938.5,1938.0,1937.5,1936.5,1936.0,1939.0,1940.0,1940.5,1941.0,1941.5,1,6,4,1,3,7,1,2,2,1
20191128,16:01:25.0,2019-11-28 16:01:25,PB3M,LME,1938.5,0,504,0.0,1943.0,1962.0,1938.5,0.0,0.0,1.7976931348623157e+308,1.7976931348623157e+308,0.0,1938.5,1938.0,1937.5,1936.5,1936.0,1939.0,1940.0,1940.5,1941.0,1941.5,1,6,4,1,3,8,1,2,2,1
20191128,16:01:28.0,2019-11-28 16:01:28,PB3M,LME,1938.5,0,504,0.0,1943.0,1962.0,1938.5,0.0,0.0,1.7976931348623157e+308,1.7976931348623157e+308,0.0,1938.0,1937.5,1936.5,1936.0,1935.5,1939.0,1940.0,1940.5,1941.0,1941.5,6,4,1,3,2,8,1,2,2,1
20191128,16:01:37.0,2019-11-28 16:01:37,PB3M,LME,1938.5,0,504,0.0,1943.0,1962.0,1938.5,0.0,0.0,1.7976931348623157e+308,1.7976931348623157e+308,0.0,1938.0,1937.5,1936.5,1936.0,1935.5,1939.0,1940.0,1940.5,1941.0,1941.5,7,4,1,3,2,8,3,2,2,1
20191128,16:01:45.0,2019-11-28 16:01:45,PB3M,LME,1938.5,0,504,0.0,1943.0,1962.0,1938.5,0.0,0.0,1.7976931348623157e+308,1.7976931348623157e+308,0.0,1938.5,1938.0,1937.5,1936.5,1936.0,1939.0,1940.0,1940.5,1941.0,1941.5,1,7,4,1,3,8,3,2,2,1
20191128,16:01:55.0,2019-11-28 16:01:55,PB3M,LME,1938.5,0,505,0.0,1943.0,1962.0,1938.5,0.0,0.0,1.7976931348623157e+308,1.7976931348623157e+308,0.0,1938.5,1938.0,1937.5,1937.0,1936.5,1939.0,1940.0,1940.5,1941.0,1941.5,1,7,4,1,1,8,3,2,2,1
20191128,16:01:56.0,2019-11-28 16:01:56,PB3M,LME,1938.5,0,505,0.0,1943.0,1962.0,1938.5,0.0,0.0,1.7976931348623157e+308,1.7976931348623157e+308,0.0,1938.0,1937.5,1937.0,1936.5,1936.0,1939.0,1940.0,1940.5,1941.0,1941.5,7,4,1,1,3,8,3,2,2,1
20191128,16:01:57.0,2019-11-28 16:01:57,PB3M,LME,1939.0,0,514,0.0,1943.0,1962.0,1938.5,0.0,0.0,1.7976931348623157e+308,1.7976931348623157e+308,0.0,1938.5,1938.0,1937.5,1937.0,1936.5,1939.0,1940.0,1940.5,1941.0,1941.5,2,7,4,1,1,6,3,2,2,1
20191128,16:01:59.0,2019-11-28 16:01:59,PB3M,LME,1938.5,0,515,0.0,1943.0,1962.0,1938.5,0.0,0.0,1.7976931348623157e+308,1.7976931348623157e+308,0.0,1938.5,1938.0,1937.5,1937.0,1936.5,1939.0,1940.0,1940.5,1941.0,1941.5,2,7,4,1,1,1,3,2,2,1
20191128,16:02:02.0,2019-11-28 16:02:02,PB3M,LME,1939.0,0,516,0.0,1943.0,1962.0,1938.5,0.0,0.0,1.7976931348623157e+308,1.7976931348623157e+308,0.0,1938.5,1938.0,1937.5,1937.0,1936.5,1939.0,1940.0,1940.5,1941.0,1941.5,2,7,4,1,1,1,3,2,2,1
20191128,16:02:02.0,2019-11-28 16:02:02,PB3M,LME,1939.0,0,517,0.0,1943.0,1962.0,1938.5,0.0,0.0,1.7976931348623157e+308,1.7976931348623157e+308,0.0,1938.5,1938.0,1937.5,1937.0,1936.5,1939.0,1940.0,1940.5,1941.0,1941.5,2,7,4,1,1,1,3,2,2,1
20191128,16:02:03.0,2019-11-28 16:02:03,PB3M,LME,1939.0,0,517,0.0,1943.0,1962.0,1938.5,0.0,0.0,1.7976931348623157e+308,1.7976931348623157e+308,0.0,1938.5,1938.0,1937.5,1936.5,1936.0,1939.0,1940.0,1940.5,1941.0,1941.5,1,7,4,1,3,6,3,2,2,1
20191128,16:02:03.0,2019-11-28 16:02:03,PB3M,LME,1939.0,0,518,0.0,1943.0,1962.0,1938.5,0.0,0.0,1.7976931348623157e+308,1.7976931348623157e+308,0.0,1938.5,1938.0,1937.5,1936.5,1936.0,1939.0,1940.0,1940.5,1941.0,1941.5,1,7,4,1,3,6,3,2,2,1
20191128,16:02:07.0,2019-11-28 16:02:07,PB3M,LME,1938.5,0,519,0.0,1943.0,1962.0,1938.5,0.0,0.0,1.7976931348623157e+308,1.7976931348623157e+308,0.0,1938.0,1937.5,1936.0,1935.5,1935.0,1938.5,1939.0,1940.0,1940.5,1941.0,7,4,3,4,21,1,6,13,2,2
20191128,16:02:07.0,2019-11-28 16:02:07,PB3M,LME,1938.5,0,520,0.0,1943.0,1962.0,1938.5,0.0,0.0,1.7976931348623157e+308,1.7976931348623157e+308,0.0,1938.0,1937.5,1936.0,1935.5,1935.0,1939.0,1940.0,1940.5,1941.0,1941.5,7,4,3,4,21,6,13,2,2,2
20191128,16:02:21.0,2019-11-28 16:02:21,PB3M,LME,1938.5,0,521,0.0,1943.0,1962.0,1938.5,0.0,0.0,1.7976931348623157e+308,1.7976931348623157e+308,0.0,1938.0,1937.5,1936.0,1935.5,1935.0,1939.0,1940.0,1940.5,1941.0,1941.5,7,4,3,6,21,7,13,2,2,2
20191128,16:02:30.0,2019-11-28 16:02:30,PB3M,LME,1938.5,0,521,0.0,1943.0,1962.0,1938.5,0.0,0.0,1.7976931348623157e+308,1.7976931348623157e+308,0.0,1938.0,1937.5,1936.0,1935.5,1935.0,1939.0,1940.0,1940.5,1941.0,1941.5,6,3,3,6,21,7,13,2,2,2
20191128,16:02:30.0,2019-11-28 16:02:30,PB3M,LME,1938.5,0,522,0.0,1943.0,1962.0,1938.5,0.0,0.0,1.7976931348623157e+308,1.7976931348623157e+308,0.0,1938.0,1937.5,1936.0,1935.5,1935.0,1939.0,1.7976931348623157e+308,1.7976931348623157e+308,1.7976931348623157e+308,1.7976931348623157e+308,6,2,3,4,21,7,0,0,0,0
20191128,16:02:30.0,2019-11-28 16:02:30,PB3M,LME,1938.0,0,525,0.0,1943.0,1962.0,1938.0,0.0,0.0,1.7976931348623157e+308,1.7976931348623157e+308,0.0,1938.0,1937.5,1936.0,1935.5,1935.0,1938.5,1939.0,1940.0,1940.5,1941.0,3,2,3,4,21,3,7,13,3,2
20191128,16:02:31.0,2019-11-28 16:02:31,PB3M,LME,1938.5,0,530,0.0,1943.0,1962.0,1937.5,0.0,0.0,1.7976931348623157e+308,1.7976931348623157e+308,0.0,1936.5,1935.5,1935.0,1934.5,1934.0,1938.0,1938.5,1939.0,1939.5,1940.0,1,4,21,2,2,1,4,7,3,13
20191128,16:02:31.0,2019-11-28 16:02:31,PB3M,LME,1938.0,0,533,0.0,1943.0,1962.0,1937.5,0.0,0.0,1.7976931348623157e+308,1.7976931348623157e+308,0.0,1936.5,1936.0,1935.5,1935.0,1934.5,1938.5,1939.0,1939.5,1940.0,1940.5,2,1,4,21,2,2,6,2,13,3
20191128,16:02:33.0,2019-11-28 16:02:33,PB3M,LME,1938.5,0,534,0.0,1943.0,1962.0,1937.5,0.0,0.0,1.7976931348623157e+308,1.7976931348623157e+308,0.0,1937.5,1936.5,1936.0,1935.5,1935.0,1939.0,1939.5,1940.0,1940.5,1941.0,1,2,1,4,21,6,2,13,3,2
20191128,16:02:37.0,2019-11-28 16:02:37,PB3M,LME,1938.5,0,535,0.0,1943.0,1962.0,1937.5,0.0,0.0,1.7976931348623157e+308,1.7976931348623157e+308,0.0,1938.0,1937.5,1937.0,1936.5,1936.0,1939.0,1939.0,1939.5,1940.0,1940.5,1,1,2,2,1,6,6,2,13,3
20191128,16:02:40.0,2019-11-28 16:02:40,PB3M,LME,1938.5,0,536,0.0,1943.0,1962.0,1937.5,0.0,0.0,1.7976931348623157e+308,1.7976931348623157e+308,0.0,1938.0,1937.5,1937.0,1936.5,1936.0,1939.0,1939.5,1940.0,1940.5,1941.0,1,1,2,2,1,1,2,13,3,2
20191128,16:02:42.0,2019-11-28 16:02:42,PB3M,LME,1939.0,0,537,0.0,1943.0,1962.0,1937.5,0.0,0.0,1.7976931348623157e+308,1.7976931348623157e+308,0.0,1938.0,1937.5,1937.0,1936.5,1936.0,1939.0,1939.5,1940.0,1940.5,1941.0,1,1,2,2,1,1,3,13,3,2
20191128,16:02:43.0,2019-11-28 16:02:43,PB3M,LME,1939.0,0,537,0.0,1943.0,1962.0,1937.5,0.0,0.0,1.7976931348623157e+308,1.7976931348623157e+308,0.0,1938.0,1937.5,1937.0,1936.5,1936.0,1938.5,1939.0,1939.5,1940.0,1940.5,1,1,2,2,1,2,6,3,13,3
20191128,16:03:06.0,2019-11-28 16:03:06,PB3M,LME,1939.0,0,537,0.0,1943.0,1962.0,1937.5,0.0,0.0,1.7976931348623157e+308,1.7976931348623157e+308,0.0,1938.0,1937.5,1937.0,1936.5,1936.0,1938.5,1939.0,1939.5,1940.0,1940.5,1,2,2,2,1,3,6,3,13,3
20191128,16:03:10.0,2019-11-28 16:03:10,PB3M,LME,1938.0,0,538,0.0,1943.0,1962.0,1937.5,0.0,0.0,1.7976931348623157e+308,1.7976931348623157e+308,0.0,1937.5,1937.0,1936.5,1936.0,1935.5,1938.5,1939.0,1939.5,1940.0,1940.5,2,2,2,1,4,3,6,3,13,3
20191128,16:03:12.0,2019-11-28 16:03:12,PB3M,LME,1938.0,0,538,0.0,1943.0,1962.0,1937.5,0.0,0.0,1.7976931348623157e+308,1.7976931348623157e+308,0.0,1938.0,1937.0,1936.5,1936.0,1935.5,1938.5,1939.0,1939.5,1940.0,1940.5,1,1,2,1,4,3,6,3,13,3
20191128,16:03:41.0,2019-11-28 16:03:41,PB3M,LME,1938.5,0,539,0.0,1943.0,1962.0,1937.5,0.0,0.0,1.7976931348623157e+308,1.7976931348623157e+308,0.0,1938.0,1937.5,1937.0,1936.5,1936.0,1938.5,1939.0,1939.5,1940.0,1940.5,1,2,1,2,1,2,6,3,13,3
20191128,16:03:45.0,2019-11-28 16:03:45,PB3M,LME,1938.5,0,539,0.0,1943.0,1962.0,1937.5,0.0,0.0,1.7976931348623157e+308,1.7976931348623157e+308,0.0,1938.0,1937.5,1937.0,1936.5,1936.0,1938.5,1939.0,1939.5,1940.0,1940.5,3,2,1,2,1,2,6,3,13,3
20191128,16:03:58.0,2019-11-28 16:03:58,PB3M,LME,1938.5,0,540,0.0,1943.0,1962.0,1937.5,0.0,0.0,1.7976931348623157e+308,1.7976931348623157e+308,0.0,1938.0,1937.5,1937.0,1936.5,1936.0,1938.5,1939.0,1939.5,1940.0,1940.5,3,2,1,2,1,1,6,3,13,3
20191128,16:04:19.0,2019-11-28 16:04:19,PB3M,LME,1938.5,0,540,0.0,1943.0,1962.0,1937.5,0.0,0.0,1.7976931348623157e+308,1.7976931348623157e+308,0.0,1938.5,1938.0,1937.5,1937.0,1936.5,1939.0,1939.5,1940.0,1940.5,1941.0,1,3,2,2,2,6,2,13,3,2
20191128,16:04:25.0,2019-11-28 16:04:25,PB3M,LME,1938.5,0,541,0.0,1943.0,1962.0,1937.5,0.0,0.0,1.7976931348623157e+308,1.7976931348623157e+308,0.0,1938.5,1938.0,1937.5,1937.0,1936.5,1939.0,1939.5,1940.0,1940.5,1941.0,2,3,2,2,2,6,2,13,2,2
20191128,16:04:26.0,2019-11-28 16:04:26,PB3M,LME,1938.5,0,541,0.0,1943.0,1962.0,1937.5,0.0,0.0,1.7976931348623157e+308,1.7976931348623157e+308,0.0,1938.5,1938.0,1937.5,1937.0,1936.5,1939.0,1939.5,1940.0,1940.5,1941.0,1,3,2,2,2,6,2,13,2,2
20191128,16:04:44.0,2019-11-28 16:04:44,PB3M,LME,1938.5,0,541,0.0,1943.0,1962.0,1937.5,0.0,0.0,1.7976931348623157e+308,1.7976931348623157e+308,0.0,1938.5,1938.0,1937.5,1937.0,1936.5,1939.0,1939.5,1940.0,1940.5,1941.0,1,3,2,2,2,7,2,13,2,2
20191128,16:04:57.0,2019-11-28 16:04:57,PB3M,LME,1938.5,0,542,0.0,1943.0,1962.0,1937.5,0.0,0.0,1.7976931348623157e+308,1.7976931348623157e+308,0.0,1938.5,1938.0,1937.5,1937.0,1936.5,1939.0,1939.5,1940.0,1940.5,1941.0,1,3,2,2,2,7,2,13,2,2
20191128,16:05:04.0,2019-11-28 16:05:04,PB3M,LME,1938.5,0,542,0.0,1943.0,1962.0,1937.5,0.0,0.0,1.7976931348623157e+308,1.7976931348623157e+308,0.0,1938.0,1937.5,1937.0,1936.5,1936.0,1938.5,1939.0,1939.5,1940.0,1940.5,4,1,2,2,1,2,6,2,13,2
20191128,16:05:11.0,2019-11-28 16:05:11,PB3M,LME,1938.5,0,544,0.0,1943.0,1962.0,1937.5,0.0,0.0,1.7976931348623157e+308,1.7976931348623157e+308,0.0,1938.5,1938.0,1937.5,1937.0,1936.5,1939.0,1.7976931348623157e+308,1.7976931348623157e+308,1.7976931348623157e+308,1.7976931348623157e+308,1,4,1,2,2,6,0,0,0,0
20191128,16:05:41.0,2019-11-28 16:05:41,PB3M,LME,1938.5,0,545,0.0,1943.0,1962.0,1937.5,0.0,0.0,1.7976931348623157e+308,1.7976931348623157e+308,0.0,1938.0,1937.5,1937.0,1936.5,1936.0,1939.0,1939.5,1940.0,1940.5,1941.0,4,1,2,2,1,6,2,13,1,2
20191128,16:05:42.0,2019-11-28 16:05:42,PB3M,LME,1938.5,0,545,0.0,1943.0,1962.0,1937.5,0.0,0.0,1.7976931348623157e+308,1.7976931348623157e+308,0.0,1938.0,1937.5,1937.0,1936.5,1936.0,1938.5,1939.0,1939.5,1940.0,1940.5,4,1,2,2,1,1,6,2,13,1
20191128,16:05:43.0,2019-11-28 16:05:43,PB3M,LME,1938.5,0,545,0.0,1943.0,1962.0,1937.5,0.0,0.0,1.7976931348623157e+308,1.7976931348623157e+308,0.0,1938.0,1937.5,1937.0,1936.5,1936.0,1939.0,1939.0,1939.5,1940.0,1940.5,4,1,2,2,1,6,6,2,13,1
20191128,16:05:49.0,2019-11-28 16:05:49,PB3M,LME,1938.0,0,551,0.0,1943.0,1962.0,1937.5,0.0,0.0,1.7976931348623157e+308,1.7976931348623157e+308,0.0,1936.5,1936.0,1935.5,1935.0,1934.5,1938.5,1939.0,1939.5,1940.0,1940.5,2,1,3,21,2,3,7,2,13,1
20191128,16:06:01.0,2019-11-28 16:06:01,PB3M,LME,1938.0,0,551,0.0,1943.0,1962.0,1937.5,0.0,0.0,1.7976931348623157e+308,1.7976931348623157e+308,0.0,1938.0,1937.5,1937.0,1936.5,1936.0,1939.0,1939.5,1940.0,1940.5,1941.0,2,11,1,3,1,6,2,13,2,2
20191128,16:06:07.0,2019-11-28 16:06:07,PB3M,LME,1938.0,0,551,0.0,1943.0,1962.0,1937.5,0.0,0.0,1.7976931348623157e+308,1.7976931348623157e+308,0.0,1938.0,1937.5,1937.0,1936.5,1936.0,1939.0,1939.5,1940.0,1940.5,1941.0,3,11,1,2,1,6,2,13,2,2
20191128,16:06:09.0,2019-11-28 16:06:09,PB3M,LME,1938.0,0,551,0.0,1943.0,1962.0,1937.5,0.0,0.0,1.7976931348623157e+308,1.7976931348623157e+308,0.0,1938.5,1938.0,1937.5,1937.0,1936.5,1939.0,1939.5,1940.0,1940.5,1941.0,2,3,11,1,2,6,2,13,2,2
20191128,16:06:09.0,2019-11-28 16:06:09,PB3M,LME,1938.5,0,553,0.0,1943.0,1962.0,1937.5,0.0,0.0,1.7976931348623157e+308,1.7976931348623157e+308,0.0,1938.0,1937.5,1937.0,1936.5,1936.0,1939.0,1939.5,1940.0,1940.5,1941.0,3,11,1,2,1,6,2,13,2,2
20191128,16:06:09.0,2019-11-28 16:06:09,PB3M,LME,1938.5,0,555,0.0,1943.0,1962.0,1937.5,0.0,0.0,1.7976931348623157e+308,1.7976931348623157e+308,0.0,1938.0,1937.5,1937.0,1936.5,1936.0,1939.0,1939.0,1939.5,1940.0,1940.5,3,11,1,3,1,1,1,2,13,1
20191128,16:06:10.0,2019-11-28 16:06:10,PB3M,LME,1938.5,0,557,0.0,1943.0,1962.0,1937.5,0.0,0.0,1.7976931348623157e+308,1.7976931348623157e+308,0.0,1938.0,1937.5,1937.0,1936.5,1936.0,1939.0,1939.5,1940.0,1940.5,1941.0,3,11,1,3,1,1,2,13,1,2
20191128,16:06:11.0,2019-11-28 16:06:11,PB3M,LME,1938.5,0,557,0.0,1943.0,1962.0,1937.5,0.0,0.0,1.7976931348623157e+308,1.7976931348623157e+308,0.0,1938.0,1937.5,1936.5,1936.0,1935.5,1938.5,1939.0,1939.5,1940.0,1940.5,2,11,3,1,3,7,1,2,13,1
20191128,16:06:25.0,2019-11-28 16:06:25,PB3M,LME,1938.5,0,557,0.0,1943.0,1962.0,1937.5,0.0,0.0,1.7976931348623157e+308,1.7976931348623157e+308,0.0,1938.0,1937.5,1936.5,1936.0,1935.5,1938.5,1939.0,1939.5,1940.0,1940.5,2,11,3,1,3,6,1,2,13,1
20191128,16:06:41.0,2019-11-28 16:06:41,PB3M,LME,1938.0,0,558,0.0,1943.0,1962.0,1937.5,0.0,0.0,1.7976931348623157e+308,1.7976931348623157e+308,0.0,1938.0,1937.5,1936.5,1936.0,1935.5,1938.5,1939.0,1939.5,1940.0,1940.5,2,10,3,1,3,6,1,2,13,1
20191128,16:06:41.0,2019-11-28 16:06:41,PB3M,LME,1938.0,0,559,0.0,1943.0,1962.0,1937.5,0.0,0.0,1.7976931348623157e+308,1.7976931348623157e+308,0.0,1937.5,1936.5,1936.0,1935.5,1935.0,1938.5,1939.0,1939.5,1940.0,1940.5,10,3,1,3,21,6,1,2,13,1
20191128,16:06:49.0,2019-11-28 16:06:49,PB3M,LME,1938.0,0,559,0.0,1943.0,1962.0,1937.5,0.0,0.0,1.7976931348623157e+308,1.7976931348623157e+308,0.0,1937.5,1936.5,1936.0,1935.5,1935.0,1938.5,1939.0,1939.5,1940.0,1940.5,10,3,1,3,21,7,1,2,13,1
20191128,16:06:50.0,2019-11-28 16:06:50,PB3M,LME,1938.0,0,559,0.0,1943.0,1962.0,1937.5,0.0,0.0,1.7976931348623157e+308,1.7976931348623157e+308,0.0,1937.5,1936.5,1936.0,1935.5,1935.0,1938.0,1938.5,1939.0,1939.5,1940.0,10,3,1,3,21,2,6,1,2,13
20191128,16:06:55.0,2019-11-28 16:06:55,PB3M,LME,1938.0,0,559,0.0,1943.0,1962.0,1937.5,0.0,0.0,1.7976931348623157e+308,1.7976931348623157e+308,0.0,1937.5,1936.5,1936.0,1935.5,1935.0,1938.0,1938.5,1939.0,1939.5,1940.0,10,3,1,3,21,3,6,1,2,13
20191128,16:06:56.0,2019-11-28 16:06:56,PB3M,LME,1937.5,0,564,0.0,1943.0,1962.0,1937.5,0.0,0.0,1.7976931348623157e+308,1.7976931348623157e+308,0.0,1937.5,1936.5,1936.0,1935.5,1935.0,1938.0,1938.5,1939.0,1939.5,1940.0,5,2,1,3,21,4,6,1,2,13
20191128,16:06:57.0,2019-11-28 16:06:57,PB3M,LME,1937.5,0,566,0.0,1943.0,1962.0,1937.5,0.0,0.0,1.7976931348623157e+308,1.7976931348623157e+308,0.0,1937.5,1936.5,1935.5,1935.0,1934.5,1938.0,1938.5,1939.0,1939.5,1940.0,3,2,3,21,2,4,6,1,2,13
20191128,16:07:52.0,2019-11-28 16:07:52,PB3M,LME,1937.5,0,569,0.0,1943.0,1962.0,1937.5,0.0,0.0,1.7976931348623157e+308,1.7976931348623157e+308,0.0,1936.5,1935.5,1935.0,1934.5,1934.0,1937.0,1938.0,1938.5,1939.0,1939.5,1,2,21,2,4,2,4,6,1,2
20191128,16:07:53.0,2019-11-28 16:07:53,PB3M,LME,1937.0,0,570,0.0,1943.0,1962.0,1937.0,0.0,0.0,1.7976931348623157e+308,1.7976931348623157e+308,0.0,1936.5,1935.5,1935.0,1934.5,1934.0,1937.0,1938.0,1938.5,1939.0,1939.5,2,2,21,2,4,1,4,1,1,2
20191128,16:07:59.0,2019-11-28 16:07:59,PB3M,LME,1936.5,0,571,0.0,1943.0,1962.0,1936.5,0.0,0.0,1.7976931348623157e+308,1.7976931348623157e+308,0.0,1936.0,1935.5,1935.0,1934.5,1934.0,1937.0,1937.5,1938.0,1938.5,1939.0,1,2,21,2,4,2,3,4,1,2
20191128,16:08:00.0,2019-11-28 16:08:00,PB3M,LME,1936.5,0,571,0.0,1943.0,1962.0,1936.5,0.0,0.0,1.7976931348623157e+308,1.7976931348623157e+308,0.0,1936.0,1935.5,1935.0,1934.5,1934.0,1937.0,1937.5,1938.0,1938.5,1939.0,1,2,21,2,4,3,3,3,1,2
20191128,16:08:02.0,2019-11-28 16:08:02,PB3M,LME,1936.5,0,571,0.0,1943.0,1962.0,1936.5,0.0,0.0,1.7976931348623157e+308,1.7976931348623157e+308,0.0,1936.0,1935.5,1935.0,1934.5,1934.0,1937.0,1937.5,1938.0,1938.5,1939.0,1,2,21,2,4,4,3,2,1,2
20191128,16:08:06.0,2019-11-28 16:08:06,PB3M,LME,1936.5,0,571,0.0,1943.0,1962.0,1936.5,0.0,0.0,1.7976931348623157e+308,1.7976931348623157e+308,0.0,1936.0,1935.5,1935.0,1934.5,1934.0,1937.0,1937.5,1938.0,1938.5,1939.0,1,2,21,2,4,5,3,2,1,2
20191128,16:08:09.0,2019-11-28 16:08:09,PB3M,LME,1936.0,0,572,0.0,1943.0,1962.0,1936.0,0.0,0.0,1.7976931348623157e+308,1.7976931348623157e+308,0.0,1935.5,1935.0,1934.5,1934.0,1933.5,1936.5,1937.0,1937.5,1938.0,1938.5,1,21,2,4,1,4,3,2,1,1
20191128,16:08:20.0,2019-11-28 16:08:20,PB3M,LME,1935.5,0,573,0.0,1943.0,1962.0,1935.5,0.0,0.0,1.7976931348623157e+308,1.7976931348623157e+308,0.0,1935.0,1934.5,1934.0,1933.5,1933.0,1936.5,1937.0,1937.5,1938.0,1938.5,21,2,4,1,2,5,2,2,1,1
20191128,16:08:21.0,2019-11-28 16:08:21,PB3M,LME,1935.5,0,573,0.0,1943.0,1962.0,1935.5,0.0,0.0,1.7976931348623157e+308,1.7976931348623157e+308,0.0,1935.5,1935.0,1934.5,1934.0,1933.5,1936.5,1937.0,1937.5,1938.0,1938.5,1,21,2,5,1,5,2,2,1,1
20191128,16:08:22.0,2019-11-28 16:08:22,PB3M,LME,1935.5,0,573,0.0,1943.0,1962.0,1935.5,0.0,0.0,1.7976931348623157e+308,1.7976931348623157e+308,0.0,1935.0,1934.5,1934.0,1933.5,1933.0,1936.0,1936.5,1937.0,1937.5,1938.0,21,1,5,1,2,8,3,2,1,1
20191128,16:08:22.0,2019-11-28 16:08:22,PB3M,LME,1936.0,0,575,0.0,1943.0,1962.0,1935.5,0.0,0.0,1.7976931348623157e+308,1.7976931348623157e+308,0.0,1935.0,1934.5,1934.0,1933.5,1933.0,1936.0,1936.5,1937.0,1937.5,1938.0,21,1,5,1,2,6,2,2,1,1
20191128,16:08:26.0,2019-11-28 16:08:26,PB3M,LME,1934.5,0,597,0.0,1943.0,1962.0,1934.5,0.0,0.0,1.7976931348623157e+308,1.7976931348623157e+308,0.0,1934.0,1933.0,1932.5,1932.0,1931.5,1935.5,1936.0,1936.5,1937.0,1937.5,3,1,1,1,2,3,7,2,1,1
20191128,16:08:28.0,2019-11-28 16:08:28,PB3M,LME,1934.5,0,597,0.0,1943.0,1962.0,1934.5,0.0,0.0,1.7976931348623157e+308,1.7976931348623157e+308,0.0,1934.0,1933.5,1933.0,1932.5,1932.0,1935.5,1936.0,1936.5,1937.0,1937.5,2,1,1,1,1,5,5,2,2,2
20191128,16:08:29.0,2019-11-28 16:08:29,PB3M,LME,1934.5,0,597,0.0,1943.0,1962.0,1934.5,0.0,0.0,1.7976931348623157e+308,1.7976931348623157e+308,0.0,1934.0,1933.5,1933.0,1932.5,1932.0,1935.5,1936.0,1936.5,1937.0,1937.5,2,1,1,1,1,6,4,2,2,2
20191128,16:08:35.0,2019-11-28 16:08:35,PB3M,LME,1934.5,0,597,0.0,1943.0,1962.0,1934.5,0.0,0.0,1.7976931348623157e+308,1.7976931348623157e+308,0.0,1934.0,1933.5,1933.0,1932.5,1932.0,1935.5,1936.0,1936.5,1937.0,1937.5,2,1,1,1,1,7,4,2,2,2
20191128,16:08:51.0,2019-11-28 16:08:51,PB3M,LME,1934.5,0,597,0.0,1943.0,1962.0,1934.5,0.0,0.0,1.7976931348623157e+308,1.7976931348623157e+308,0.0,1934.0,1933.5,1933.0,1932.5,1932.0,1935.5,1936.0,1936.5,1937.0,1937.5,3,1,1,1,1,7,4,2,2,2
20191128,16:08:59.0,2019-11-28 16:08:59,PB3M,LME,1934.5,0,597,0.0,1943.0,1962.0,1934.5,0.0,0.0,1.7976931348623157e+308,1.7976931348623157e+308,0.0,1934.5,1934.0,1933.5,1933.0,1932.5,1935.5,1936.0,1936.5,1937.0,1937.5,2,3,1,2,1,5,3,2,2,2
20191128,16:09:26.0,2019-11-28 16:09:26,PB3M,LME,1934.5,0,597,0.0,1943.0,1962.0,1934.5,0.0,0.0,1.7976931348623157e+308,1.7976931348623157e+308,0.0,1934.5,1934.0,1933.5,1933.0,1932.5,1935.5,1936.0,1936.5,1937.0,1937.5,1,4,1,2,1,5,3,2,2,2
20191128,16:09:27.0,2019-11-28 16:09:27,PB3M,LME,1934.5,0,598,0.0,1943.0,1962.0,1934.5,0.0,0.0,1.7976931348623157e+308,1.7976931348623157e+308,0.0,1934.0,1933.5,1933.0,1932.5,1932.0,1935.5,1936.0,1936.5,1937.0,1937.5,4,1,2,1,1,5,3,2,2,2
20191128,16:09:28.0,2019-11-28 16:09:28,PB3M,LME,1935.0,0,599,0.0,1943.0,1962.0,1934.5,0.0,0.0,1.7976931348623157e+308,1.7976931348623157e+308,0.0,1934.5,1934.0,1933.5,1933.0,1932.5,1935.5,1936.0,1936.5,1937.0,1937.5,1,4,1,2,1,5,3,2,2,2
20191128,16:09:28.0,2019-11-28 16:09:28,PB3M,LME,1935.5,0,603,0.0,1943.0,1962.0,1934.5,0.0,0.0,1.7976931348623157e+308,1.7976931348623157e+308,0.0,1935.0,1934.5,1934.0,1933.5,1933.0,1936.5,1937.0,1937.5,1938.0,1938.5,1,2,3,1,2,2,1,2,2,4
20191128,16:09:31.0,2019-11-28 16:09:31,PB3M,LME,1935.5,0,603,0.0,1943.0,1962.0,1934.5,0.0,0.0,1.7976931348623157e+308,1.7976931348623157e+308,0.0,1935.0,1934.5,1934.0,1933.5,1933.0,1935.5,1936.0,1936.5,1937.0,1937.5,1,1,4,1,2,1,5,2,1,2
20191128,16:09:34.0,2019-11-28 16:09:34,PB3M,LME,1935.5,0,604,0.0,1943.0,1962.0,1934.5,0.0,0.0,1.7976931348623157e+308,1.7976931348623157e+308,0.0,1935.0,1934.5,1934.0,1933.5,1933.0,1935.5,1936.0,1936.5,1937.0,1937.5,1,1,3,1,2,1,5,2,1,2
20191128,16:09:35.0,2019-11-28 16:09:35,PB3M,LME,1935.5,0,605,0.0,1943.0,1962.0,1934.5,0.0,0.0,1.7976931348623157e+308,1.7976931348623157e+308,0.0,1934.5,1934.0,1933.5,1933.0,1932.5,1935.5,1936.0,1936.5,1937.0,1937.5,1,3,2,2,1,1,5,2,1,2
20191128,16:09:36.0,2019-11-28 16:09:36,PB3M,LME,1935.5,0,605,0.0,1943.0,1962.0,1934.5,0.0,0.0,1.7976931348623157e+308,1.7976931348623157e+308,0.0,1934.5,1934.0,1933.5,1933.0,1932.5,1936.0,1936.5,1937.0,1937.5,1938.0,1,3,2,2,1,6,2,1,2,2
20191128,16:10:45.0,2019-11-28 16:10:45,PB3M,LME,1935.5,0,605,0.0,1943.0,1962.0,1934.5,0.0,0.0,1.7976931348623157e+308,1.7976931348623157e+308,0.0,1934.5,1934.0,1933.0,1932.5,1932.0,1936.0,1936.5,1937.0,1937.5,1938.0,2,4,2,1,1,6,2,1,3,2
20191128,16:10:46.0,2019-11-28 16:10:46,PB3M,LME,1935.0,0,606,0.0,1943.0,1962.0,1934.5,0.0,0.0,1.7976931348623157e+308,1.7976931348623157e+308,0.0,1934.5,1934.0,1933.0,1932.5,1932.0,1935.5,1936.0,1936.5,1937.0,1937.5,1,3,2,1,1,1,6,2,1,3
20191128,16:10:48.0,2019-11-28 16:10:48,PB3M,LME,1935.5,0,608,0.0,1943.0,1962.0,1934.5,0.0,0.0,1.7976931348623157e+308,1.7976931348623157e+308,0.0,1934.5,1934.0,1933.0,1932.5,1932.0,1935.5,1936.5,1937.0,1937.5,1938.0,1,3,2,1,1,1,2,2,3,2
20191128,16:10:49.0,2019-11-28 16:10:49,PB3M,LME,1935.5,0,608,0.0,1943.0,1962.0,1934.5,0.0,0.0,1.7976931348623157e+308,1.7976931348623157e+308,0.0,1934.5,1934.0,1933.0,1932.5,1932.0,1935.5,1936.0,1936.5,1937.0,1937.5,1,3,2,1,1,2,6,2,2,3
20191128,16:10:58.0,2019-11-28 16:10:58,PB3M,LME,1934.5,0,609,0.0,1943.0,1962.0,1934.5,0.0,0.0,1.7976931348623157e+308,1.7976931348623157e+308,0.0,1934.0,1933.0,1932.5,1932.0,1931.5,1935.5,1936.0,1936.5,1937.0,1937.5,3,2,1,1,2,2,6,2,2,3
20191128,16:10:59.0,2019-11-28 16:10:59,PB3M,LME,1934.5,0,609,0.0,1943.0,1962.0,1934.5,0.0,0.0,1.7976931348623157e+308,1.7976931348623157e+308,0.0,1935.0,1933.0,1932.5,1932.0,1931.5,1935.5,1936.0,1936.5,1937.0,1937.5,2,2,1,1,2,2,6,2,2,3
20191128,16:11:01.0,2019-11-28 16:11:01,PB3M,LME,1934.5,0,609,0.0,1943.0,1962.0,1934.5,0.0,0.0,1.7976931348623157e+308,1.7976931348623157e+308,0.0,1935.0,1934.5,1934.0,1933.0,1932.5,1935.5,1936.0,1936.5,1937.0,1937.5,2,1,3,2,1,1,6,2,2,3
20191128,16:11:02.0,2019-11-28 16:11:02,PB3M,LME,1934.5,0,609,0.0,1943.0,1962.0,1934.5,0.0,0.0,1.7976931348623157e+308,1.7976931348623157e+308,0.0,1935.0,1934.5,1934.0,1933.5,1933.0,1936.0,1936.5,1937.0,1937.5,1938.0,2,1,3,1,2,5,2,2,3,2
20191128,16:11:13.0,2019-11-28 16:11:13,PB3M,LME,1936.0,0,614,0.0,1943.0,1962.0,1934.5,0.0,0.0,1.7976931348623157e+308,1.7976931348623157e+308,0.0,1935.5,1935.0,1934.5,1934.0,1933.5,1936.0,1936.5,1937.0,1937.5,1938.0,2,3,1,3,2,5,1,1,2,2
20191128,16:11:22.0,2019-11-28 16:11:22,PB3M,LME,1937.5,0,632,0.0,1943.0,1962.0,1934.5,0.0,0.0,1.7976931348623157e+308,1.7976931348623157e+308,0.0,1937.5,1935.0,1934.5,1934.0,1933.5,1938.5,1936.5,1937.0,1937.5,1938.0,1,3,1,3,2,1,1,1,2,2
20191128,16:11:23.0,2019-11-28 16:11:23,PB3M,LME,1937.5,0,632,0.0,1943.0,1962.0,1934.5,0.0,0.0,1.7976931348623157e+308,1.7976931348623157e+308,0.0,1938.0,1937.5,1937.0,1936.5,1936.0,1938.5,1939.0,1939.5,1940.0,1940.5,1,1,2,1,1,1,1,2,11,4
20191128,16:11:24.0,2019-11-28 16:11:24,PB3M,LME,1937.5,0,632,0.0,1943.0,1962.0,1934.5,0.0,0.0,1.7976931348623157e+308,1.7976931348623157e+308,0.0,1937.5,1937.0,1936.5,1936.0,1935.5,1938.5,1939.0,1939.5,1940.0,1940.5,1,2,1,1,2,2,1,2,11,4
20191128,16:11:26.0,2019-11-28 16:11:26,PB3M,LME,1937.5,0,632,0.0,1943.0,1962.0,1934.5,0.0,0.0,1.7976931348623157e+308,1.7976931348623157e+308,0.0,1937.5,1937.0,1936.5,1936.0,1935.5,1938.0,1938.5,1939.0,1939.5,1940.0,1,1,1,1,2,3,2,1,2,11
20191128,16:11:26.0,2019-11-28 16:11:26,PB3M,LME,1937.5,0,635,0.0,1943.0,1962.0,1934.5,0.0,0.0,1.7976931348623157e+308,1.7976931348623157e+308,0.0,1937.5,1937.0,1936.5,1936.0,1935.5,1938.0,1938.5,1939.0,1939.5,1940.0,1,1,1,1,2,3,2,1,2,11
20191128,16:11:31.0,2019-11-28 16:11:31,PB3M,LME,1937.5,0,635,0.0,1943.0,1962.0,1934.5,0.0,0.0,1.7976931348623157e+308,1.7976931348623157e+308,0.0,1937.5,1937.0,1936.5,1936.0,1935.5,1938.0,1938.5,1939.0,1939.5,1940.0,1,2,1,1,3,1,2,1,2,11
20191128,16:11:37.0,2019-11-28 16:11:37,PB3M,LME,1937.0,0,659,0.0,1943.0,1962.0,1934.5,0.0,0.0,1.7976931348623157e+308,1.7976931348623157e+308,0.0,1937.0,1937.0,1936.5,1936.0,1935.5,1937.5,1938.5,1939.0,1939.5,1940.0,2,2,1,1,3,6,2,1,2,11
20191128,16:11:57.0,2019-11-28 16:11:57,PB3M,LME,1936.5,0,660,0.0,1943.0,1962.0,1934.5,0.0,0.0,1.7976931348623157e+308,1.7976931348623157e+308,0.0,1936.5,1936.0,1935.5,1935.0,1934.5,1937.5,1938.0,1938.5,1939.0,1939.5,1,1,3,2,2,5,1,1,1,2
20191128,16:11:58.0,2019-11-28 16:11:58,PB3M,LME,1936.5,0,660,0.0,1943.0,1962.0,1934.5,0.0,0.0,1.7976931348623157e+308,1.7976931348623157e+308,0.0,1936.0,1935.5,1935.0,1934.5,1934.0,1937.5,1938.0,1938.5,1939.0,1939.5,1,3,2,2,3,5,1,1,1,2
20191128,16:12:01.0,2019-11-28 16:12:01,PB3M,LME,1936.5,0,660,0.0,1943.0,1962.0,1934.5,0.0,0.0,1.7976931348623157e+308,1.7976931348623157e+308,0.0,1936.0,1935.5,1935.0,1934.5,1934.0,1937.0,1938.0,1938.5,1939.0,1939.5,1,3,2,2,3,1,1,1,1,2
20191128,16:12:03.0,2019-11-28 16:12:03,PB3M,LME,1936.5,0,660,0.0,1943.0,1962.0,1934.5,0.0,0.0,1.7976931348623157e+308,1.7976931348623157e+308,0.0,1936.0,1935.5,1935.0,1934.5,1934.0,1936.5,1937.5,1938.0,1938.5,1939.0,1,3,2,2,3,1,5,1,1,1
20191128,16:12:05.0,2019-11-28 16:12:05,PB3M,LME,1936.5,0,660,0.0,1943.0,1962.0,1934.5,0.0,0.0,1.7976931348623157e+308,1.7976931348623157e+308,0.0,1936.0,1935.5,1935.0,1934.5,1934.0,1937.0,1938.0,1938.5,1939.0,1939.5,1,2,2,2,3,2,1,1,1,2
20191128,16:12:22.0,2019-11-28 16:12:22,PB3M,LME,1936.5,0,660,0.0,1943.0,1962.0,1934.5,0.0,0.0,1.7976931348623157e+308,1.7976931348623157e+308,0.0,1936.0,1935.5,1935.0,1934.5,1934.0,1937.0,1938.0,1938.5,1939.0,1939.5,1,2,2,1,3,3,1,1,1,2
20191128,16:12:29.0,2019-11-28 16:12:29,PB3M,LME,1936.5,0,660,0.0,1943.0,1962.0,1934.5,0.0,0.0,1.7976931348623157e+308,1.7976931348623157e+308,0.0,1936.0,1935.0,1934.5,1934.0,1933.5,1936.5,1937.0,1938.0,1938.5,1939.0,1,2,1,3,2,1,3,1,1,1
20191128,16:12:30.0,2019-11-28 16:12:30,PB3M,LME,1936.5,0,660,0.0,1943.0,1962.0,1934.5,0.0,0.0,1.7976931348623157e+308,1.7976931348623157e+308,0.0,1936.0,1935.5,1935.0,1934.5,1934.0,1937.0,1938.0,1938.5,1939.0,1939.5,2,2,2,1,3,3,1,1,1,2
20191128,16:12:47.0,2019-11-28 16:12:47,PB3M,LME,1936.5,0,660,0.0,1943.0,1962.0,1934.5,0.0,0.0,1.7976931348623157e+308,1.7976931348623157e+308,0.0,1936.0,1935.5,1935.0,1934.5,1934.0,1937.0,1938.0,1938.5,1939.0,1939.5,1,2,2,1,3,3,1,1,1,2
20191128,16:12:47.0,2019-11-28 16:12:47,PB3M,LME,1936.0,0,661,0.0,1943.0,1962.0,1934.5,0.0,0.0,1.7976931348623157e+308,1.7976931348623157e+308,0.0,1935.5,1935.0,1934.5,1934.0,1933.5,1937.0,1938.0,1938.5,1939.0,1939.5,2,2,1,3,2,2,1,1,1,2
20191128,16:12:51.0,2019-11-28 16:12:51,PB3M,LME,1936.0,0,661,0.0,1943.0,1962.0,1934.5,0.0,0.0,1.7976931348623157e+308,1.7976931348623157e+308,0.0,1935.5,1935.0,1934.5,1934.0,1933.5,1937.0,1938.0,1938.5,1939.0,1939.5,3,2,1,3,2,1,1,1,1,2
20191128,16:12:53.0,2019-11-28 16:12:53,PB3M,LME,1936.0,0,661,0.0,1943.0,1962.0,1934.5,0.0,0.0,1.7976931348623157e+308,1.7976931348623157e+308,0.0,1936.5,1936.0,1935.5,1935.0,1934.5,1937.0,1938.0,1938.5,1939.0,1939.5,1,2,3,2,1,1,1,1,1,2
20191128,16:12:54.0,2019-11-28 16:12:54,PB3M,LME,1937.0,0,662,0.0,1943.0,1962.0,1934.5,0.0,0.0,1.7976931348623157e+308,1.7976931348623157e+308,0.0,1936.5,1936.0,1935.5,1935.0,1934.5,1937.0,1938.0,1938.5,1939.0,1939.5,1,2,3,2,1,1,1,1,1,2
20191128,16:12:59.0,2019-11-28 16:12:59,PB3M,LME,1937.0,0,662,0.0,1943.0,1962.0,1934.5,0.0,0.0,1.7976931348623157e+308,1.7976931348623157e+308,0.0,1936.5,1936.0,1935.5,1935.0,1934.5,1938.0,1938.5,1939.0,1939.5,1940.0,2,2,3,2,1,2,1,1,2,11
20191128,16:13:06.0,2019-11-28 16:13:06,PB3M,LME,1937.0,0,662,0.0,1943.0,1962.0,1934.5,0.0,0.0,1.7976931348623157e+308,1.7976931348623157e+308,0.0,1936.5,1936.0,1935.5,1935.0,1934.5,1938.0,1938.5,1939.0,1939.5,1940.0,2,2,3,2,1,3,1,1,2,11
20191128,16:13:20.0,2019-11-28 16:13:20,PB3M,LME,1937.0,0,662,0.0,1943.0,1962.0,1934.5,0.0,0.0,1.7976931348623157e+308,1.7976931348623157e+308,0.0,1936.5,1936.0,1935.5,1935.0,1934.5,1938.0,1938.5,1939.0,1939.5,1940.0,1,2,3,2,1,3,1,1,2,11
20191128,16:13:29.0,2019-11-28 16:13:29,PB3M,LME,1937.0,0,662,0.0,1943.0,1962.0,1934.5,0.0,0.0,1.7976931348623157e+308,1.7976931348623157e+308,0.0,1935.5,1935.0,1934.5,1934.0,1933.5,1937.0,1937.5,1938.0,1938.5,1939.0,3,2,1,3,2,1,3,3,1,1
20191128,16:13:30.0,2019-11-28 16:13:30,PB3M,LME,1937.0,0,662,0.0,1943.0,1962.0,1934.5,0.0,0.0,1.7976931348623157e+308,1.7976931348623157e+308,0.0,1935.5,1935.0,1934.5,1934.0,1933.5,1937.0,1937.5,1938.0,1938.5,1939.0,3,2,1,3,2,3,3,2,1,1
20191128,16:13:35.0,2019-11-28 16:13:35,PB3M,LME,1937.0,0,662,0.0,1943.0,1962.0,1934.5,0.0,0.0,1.7976931348623157e+308,1.7976931348623157e+308,0.0,1935.5,1935.0,1934.5,1934.0,1933.5,1937.0,1937.5,1938.0,1938.5,1939.0,2,2,1,3,2,4,3,2,1,1
20191128,16:14:28.0,2019-11-28 16:14:28,PB3M,LME,1937.0,0,662,0.0,1943.0,1962.0,1934.5,0.0,0.0,1.7976931348623157e+308,1.7976931348623157e+308,0.0,1935.5,1935.0,1934.5,1934.0,1933.5,1936.0,1937.0,1937.5,1938.0,1938.5,2,2,1,3,2,1,4,2,1,1
20191128,16:14:29.0,2019-11-28 16:14:29,PB3M,LME,1937.0,0,662,0.0,1943.0,1962.0,1934.5,0.0,0.0,1.7976931348623157e+308,1.7976931348623157e+308,0.0,1935.5,1935.0,1934.5,1934.0,1933.5,1936.0,1937.0,1937.5,1938.0,1938.5,2,2,1,3,2,2,4,2,1,1
20191128,16:14:36.0,2019-11-28 16:14:36,PB3M,LME,1935.5,0,664,0.0,1943.0,1962.0,1934.5,0.0,0.0,1.7976931348623157e+308,1.7976931348623157e+308,0.0,1935.0,1934.5,1934.0,1933.5,1933.0,1935.5,1936.0,1937.0,1937.5,1938.0,2,1,3,2,2,1,1,3,2,1
20191128,16:14:37.0,2019-11-28 16:14:37,PB3M,LME,1935.5,0,664,0.0,1943.0,1962.0,1934.5,0.0,0.0,1.7976931348623157e+308,1.7976931348623157e+308,0.0,1935.0,1934.5,1934.0,1933.5,1933.0,1935.5,1936.0,1937.0,1937.5,1938.0,2,1,3,2,2,2,1,2,2,1
20191128,16:14:54.0,2019-11-28 16:14:54,PB3M,LME,1935.5,0,664,0.0,1943.0,1962.0,1934.5,0.0,0.0,1.7976931348623157e+308,1.7976931348623157e+308,0.0,1935.0,1934.5,1934.0,1933.5,1933.0,1935.5,1937.0,1937.5,1938.0,1938.5,4,1,3,2,2,2,5,12,1,1
20191128,16:15:13.0,2019-11-28 16:15:13,PB3M,LME,1935.0,0,668,0.0,1943.0,1962.0,1934.5,0.0,0.0,1.7976931348623157e+308,1.7976931348623157e+308,0.0,1934.0,1933.5,1933.0,1932.5,1932.0,1935.0,1935.5,1936.5,1937.0,1937.5,2,1,1,1,1,1,2,2,5,12
20191128,16:15:21.0,2019-11-28 16:15:21,PB3M,LME,1933.5,0,671,0.0,1943.0,1962.0,1933.5,0.0,0.0,1.7976931348623157e+308,1.7976931348623157e+308,0.0,1933.0,1931.5,1931.0,1930.5,1930.0,1934.0,1934.5,1935.0,1936.5,1937.0,1,1,1,1,2,3,2,1,2,5
20191128,16:15:21.0,2019-11-28 16:15:21,PB3M,LME,1933.0,0,672,0.0,1943.0,1962.0,1933.0,0.0,0.0,1.7976931348623157e+308,1.7976931348623157e+308,0.0,1931.5,1931.0,1930.5,1930.0,1929.5,1933.5,1934.0,1934.5,1935.0,1936.5,2,1,1,2,4,1,2,1,1,2
20191128,16:15:22.0,2019-11-28 16:15:22,PB3M,LME,1933.0,0,673,0.0,1943.0,1962.0,1933.0,0.0,0.0,1.7976931348623157e+308,1.7976931348623157e+308,0.0,1932.5,1932.0,1931.5,1931.0,1930.5,1934.0,1934.5,1935.0,1936.5,1937.0,2,2,2,1,1,2,1,1,2,5
20191128,16:15:54.0,2019-11-28 16:15:54,PB3M,LME,1934.0,0,674,0.0,1943.0,1962.0,1933.0,0.0,0.0,1.7976931348623157e+308,1.7976931348623157e+308,0.0,1933.5,1933.5,1933.0,1932.5,1932.0,1935.0,1936.0,1936.5,1937.0,1937.5,2,2,3,1,1,1,1,2,5,13
20191128,16:15:56.0,2019-11-28 16:15:56,PB3M,LME,1934.0,0,674,0.0,1943.0,1962.0,1933.0,0.0,0.0,1.7976931348623157e+308,1.7976931348623157e+308,0.0,1933.5,1933.0,1932.5,1932.0,1931.5,1935.0,1936.0,1936.5,1937.0,1937.5,3,2,1,1,1,1,1,2,5,13
20191128,16:15:57.0,2019-11-28 16:15:57,PB3M,LME,1934.0,0,674,0.0,1943.0,1962.0,1933.0,0.0,0.0,1.7976931348623157e+308,1.7976931348623157e+308,0.0,1934.0,1933.5,1933.0,1932.5,1932.0,1935.0,1936.0,1936.5,1937.0,1937.5,1,2,2,1,1,1,1,2,5,13
20191128,16:16:02.0,2019-11-28 16:16:02,PB3M,LME,1935.0,0,675,0.0,1943.0,1962.0,1933.0,0.0,0.0,1.7976931348623157e+308,1.7976931348623157e+308,0.0,1934.0,1934.0,1933.5,1933.0,1932.5,1935.5,1936.0,1936.5,1937.0,1937.5,2,2,2,2,1,1,2,2,5,11
20191128,16:16:04.0,2019-11-28 16:16:04,PB3M,LME,1934.0,0,676,0.0,1943.0,1962.0,1933.0,0.0,0.0,1.7976931348623157e+308,1.7976931348623157e+308,0.0,1934.0,1933.5,1933.0,1932.5,1932.0,1934.5,1935.0,1935.5,1936.0,1936.5,1,2,2,1,1,1,1,2,2,2
20191128,16:16:05.0,2019-11-28 16:16:05,PB3M,LME,1934.0,0,676,0.0,1943.0,1962.0,1933.0,0.0,0.0,1.7976931348623157e+308,1.7976931348623157e+308,0.0,1933.5,1933.0,1932.5,1932.0,1931.5,1934.5,1935.0,1935.5,1936.0,1936.5,1,2,1,1,1,1,1,2,1,2
20191128,16:16:16.0,2019-11-28 16:16:16,PB3M,LME,1934.0,0,676,0.0,1943.0,1962.0,1933.0,0.0,0.0,1.7976931348623157e+308,1.7976931348623157e+308,0.0,1934.0,1933.5,1933.0,1932.5,1932.0,1934.5,1935.0,1935.5,1936.0,1936.5,1,1,2,1,1,1,1,2,1,2
20191128,16:16:26.0,2019-11-28 16:16:26,PB3M,LME,1934.0,0,676,0.0,1943.0,1962.0,1933.0,0.0,0.0,1.7976931348623157e+308,1.7976931348623157e+308,0.0,1934.0,1933.5,1933.0,1932.5,1932.0,1934.5,1935.0,1935.5,1936.0,1936.5,1,1,2,1,1,2,1,2,1,2
20191128,16:16:40.0,2019-11-28 16:16:40,PB3M,LME,1934.0,0,677,0.0,1943.0,1962.0,1933.0,0.0,0.0,1.7976931348623157e+308,1.7976931348623157e+308,0.0,1933.5,1933.0,1932.5,1932.0,1931.5,1934.5,1935.0,1935.5,1936.0,1936.5,1,2,1,1,1,2,1,2,1,2
20191128,16:16:41.0,2019-11-28 16:16:41,PB3M,LME,1934.0,0,677,0.0,1943.0,1962.0,1933.0,0.0,0.0,1.7976931348623157e+308,1.7976931348623157e+308,0.0,1933.0,1932.5,1932.0,1931.5,1931.0,1933.5,1934.0,1934.5,1935.0,1935.5,1,1,1,1,1,2,11,2,1,1
20191128,16:16:41.0,2019-11-28 16:16:41,PB3M,LME,1933.0,0,678,0.0,1943.0,1962.0,1933.0,0.0,0.0,1.7976931348623157e+308,1.7976931348623157e+308,0.0,1932.0,1931.5,1931.0,1930.5,1930.0,1933.5,1934.0,1934.5,1935.0,1935.5,1,1,1,1,2,2,13,2,1,1
20191128,16:16:47.0,2019-11-28 16:16:47,PB3M,LME,1933.0,0,678,0.0,1943.0,1962.0,1933.0,0.0,0.0,1.7976931348623157e+308,1.7976931348623157e+308,0.0,1931.5,1931.0,1930.5,1930.0,1929.5,1933.5,1934.0,1934.5,1935.0,1935.5,2,1,1,2,4,4,11,1,1,1
20191128,16:16:54.0,2019-11-28 16:16:54,PB3M,LME,1930.0,0,688,0.0,1943.0,1962.0,1930.0,0.0,0.0,1.7976931348623157e+308,1.7976931348623157e+308,0.0,1930.5,1930.0,1929.5,1929.0,1928.5,1932.5,1933.0,1933.5,1934.0,1934.5,1,7,3,2,3,2,3,4,1,1
20191128,16:16:55.0,2019-11-28 16:16:55,PB3M,LME,1930.0,0,688,0.0,1943.0,1962.0,1930.0,0.0,0.0,1.7976931348623157e+308,1.7976931348623157e+308,0.0,1930.5,1930.0,1929.5,1929.0,1928.5,1932.5,1933.0,1933.5,1934.0,1934.5,2,2,3,1,1,3,1,3,1,1
20191128,16:16:58.0,2019-11-28 16:16:58,PB3M,LME,1931.5,0,689,0.0,1943.0,1962.0,1930.0,0.0,0.0,1.7976931348623157e+308,1.7976931348623157e+308,0.0,1931.0,1930.5,1930.0,1929.5,1929.0,1931.5,1932.5,1933.5,1934.0,1934.5,1,2,2,3,1,1,3,3,1,1
20191128,16:16:59.0,2019-11-28 16:16:59,PB3M,LME,1931.5,0,689,0.0,1943.0,1962.0,1930.0,0.0,0.0,1.7976931348623157e+308,1.7976931348623157e+308,0.0,1931.0,1930.5,1930.0,1929.5,1929.0,1932.5,1933.5,1934.0,1934.5,1935.0,2,2,2,2,1,3,3,1,1,1
20191128,16:17:15.0,2019-11-28 16:17:15,PB3M,LME,1932.5,0,690,0.0,1943.0,1962.0,1930.0,0.0,0.0,1.7976931348623157e+308,1.7976931348623157e+308,0.0,1932.0,1931.5,1931.0,1930.5,1930.0,1933.5,1934.0,1934.5,1935.0,1935.5,2,2,2,2,1,3,1,1,1,1
20191128,16:17:16.0,2019-11-28 16:17:16,PB3M,LME,1932.5,0,690,0.0,1943.0,1962.0,1930.0,0.0,0.0,1.7976931348623157e+308,1.7976931348623157e+308,0.0,1932.5,1931.5,1931.0,1930.5,1930.0,1933.5,1934.0,1934.5,1935.0,1935.5,1,2,2,1,1,2,1,1,1,1
20191128,16:17:24.0,2019-11-28 16:17:24,PB3M,LME,1932.5,0,690,0.0,1943.0,1962.0,1930.0,0.0,0.0,1.7976931348623157e+308,1.7976931348623157e+308,0.0,1932.5,1932.0,1931.5,1930.5,1930.0,1933.5,1934.5,1935.0,1936.0,1936.5,1,1,2,1,1,1,1,1,2,2
20191128,16:17:24.0,2019-11-28 16:17:24,PB3M,LME,1933.0,0,691,0.0,1943.0,1962.0,1930.0,0.0,0.0,1.7976931348623157e+308,1.7976931348623157e+308,0.0,1932.5,1932.0,1931.5,1930.5,1930.0,1933.5,1934.5,1935.0,1936.0,1936.5,1,1,1,1,1,1,1,1,2,2
20191128,16:17:25.0,2019-11-28 16:17:25,PB3M,LME,1933.0,0,691,0.0,1943.0,1962.0,1930.0,0.0,0.0,1.7976931348623157e+308,1.7976931348623157e+308,0.0,1933.0,1932.5,1932.0,1931.5,1930.5,1933.5,1934.5,1935.0,1936.0,1936.5,1,2,1,1,1,1,1,1,2,2
20191128,16:17:33.0,2019-11-28 16:17:33,PB3M,LME,1933.5,0,692,0.0,1943.0,1962.0,1930.0,0.0,0.0,1.7976931348623157e+308,1.7976931348623157e+308,0.0,1933.0,1932.5,1932.0,1931.5,1930.5,1934.5,1935.0,1936.0,1936.5,1937.0,1,2,1,1,1,2,1,2,2,4
20191128,16:17:36.0,2019-11-28 16:17:36,PB3M,LME,1932.5,0,695,0.0,1943.0,1962.0,1930.0,0.0,0.0,1.7976931348623157e+308,1.7976931348623157e+308,0.0,1931.5,1930.5,1930.0,1929.5,1929.0,1932.5,1934.5,1935.0,1936.0,1936.5,1,1,1,4,1,1,1,1,2,2
20191128,16:17:39.0,2019-11-28 16:17:39,PB3M,LME,1932.5,0,695,0.0,1943.0,1962.0,1930.0,0.0,0.0,1.7976931348623157e+308,1.7976931348623157e+308,0.0,1931.5,1930.5,1930.0,1929.5,1929.0,1932.5,1933.0,1934.5,1935.0,1936.0,1,1,1,2,1,2,9,1,1,2
20191128,16:17:40.0,2019-11-28 16:17:40,PB3M,LME,1932.5,0,695,0.0,1943.0,1962.0,1930.0,0.0,0.0,1.7976931348623157e+308,1.7976931348623157e+308,0.0,1930.5,1930.0,1929.5,1929.0,1928.5,1932.5,1933.0,1934.5,1935.0,1936.0,1,1,2,1,1,3,9,1,1,2
20191128,16:17:45.0,2019-11-28 16:17:45,PB3M,LME,1932.5,0,695,0.0,1943.0,1962.0,1930.0,0.0,0.0,1.7976931348623157e+308,1.7976931348623157e+308,0.0,1930.5,1930.0,1929.5,1929.0,1928.0,1932.5,1933.0,1934.5,1935.0,1936.0,2,1,2,1,5,5,9,1,1,2
20191128,16:18:01.0,2019-11-28 16:18:01,PB3M,LME,1932.5,0,695,0.0,1943.0,1962.0,1930.0,0.0,0.0,1.7976931348623157e+308,1.7976931348623157e+308,0.0,1930.5,1930.0,1929.5,1929.0,1928.0,1932.5,1933.0,1934.5,1935.0,1936.0,1,1,2,1,5,5,9,3,1,2
20191128,16:18:58.0,2019-11-28 16:18:58,PB3M,LME,1930.0,0,704,0.0,1943.0,1962.0,1930.0,0.0,0.0,1.7976931348623157e+308,1.7976931348623157e+308,0.0,1929.0,1928.5,1928.0,1927.0,1926.5,1930.0,1931.5,1932.0,1932.5,1933.0,2,1,4,1,4,1,1,2,6,9
20191128,16:18:59.0,2019-11-28 16:18:59,PB3M,LME,1930.0,0,704,0.0,1943.0,1962.0,1930.0,0.0,0.0,1.7976931348623157e+308,1.7976931348623157e+308,0.0,1929.0,1928.5,1928.0,1927.0,1926.5,1930.0,1931.5,1932.0,1932.5,1933.0,2,1,4,1,4,2,1,2,5,9
20191128,16:18:59.0,2019-11-28 16:18:59,PB3M,LME,1930.0,0,704,0.0,1943.0,1962.0,1930.0,0.0,0.0,1.7976931348623157e+308,1.7976931348623157e+308,0.0,1929.0,1928.5,1928.0,1927.0,1926.5,1930.0,1931.5,1932.0,1932.5,1933.0,2,1,4,1,4,2,1,2,5,9
20191128,16:18:59.0,2019-11-28 16:18:59,PB3M,LME,1930.0,0,704,0.0,1943.0,1962.0,1930.0,0.0,0.0,1.7976931348623157e+308,1.7976931348623157e+308,0.0,1929.0,1928.5,1928.0,1927.0,1926.5,1930.0,1931.5,1932.0,1932.5,1933.0,2,1,4,1,4,2,1,2,5,9
20191128,16:20:03.0,2019-11-28 16:20:03,PB3M,LME,1930.0,0,704,0.0,1943.0,1962.0,1930.0,0.0,0.0,1.7976931348623157e+308,1.7976931348623157e+308,0.0,1929.0,1928.5,1928.0,1927.0,1926.5,1930.0,1931.5,1932.0,1932.5,1933.0,2,1,4,1,4,7,1,2,5,9
20191128,16:20:03.0,2019-11-28 16:20:03,PB3M,LME,1929.5,0,705,0.0,1943.0,1962.0,1929.5,0.0,0.0,1.7976931348623157e+308,1.7976931348623157e+308,0.0,1929.0,1928.5,1928.0,1927.0,1926.5,1930.0,1931.5,1932.0,1932.5,1933.0,2,1,4,1,4,7,1,2,5,9
20191128,16:20:03.0,2019-11-28 16:20:03,PB3M,LME,1930.0,0,714,0.0,1943.0,1962.0,1929.5,0.0,0.0,1.7976931348623157e+308,1.7976931348623157e+308,0.0,1930.0,1928.5,1928.0,1927.0,1926.5,1931.5,1931.5,1932.0,1932.5,1933.0,2,1,4,1,4,1,1,2,5,9
20191128,16:20:03.0,2019-11-28 16:20:03,PB3M,LME,1933.0,0,735,0.0,1943.0,1962.0,1929.5,0.0,0.0,1.7976931348623157e+308,1.7976931348623157e+308,0.0,1931.5,1931.0,1930.5,1930.0,1929.5,1933.0,1933.5,1934.5,1935.0,1936.0,2,2,3,1,1,6,1,1,1,2
20191128,16:20:11.0,2019-11-28 16:20:11,PB3M,LME,1933.0,0,736,0.0,1943.0,1962.0,1929.5,0.0,0.0,1.7976931348623157e+308,1.7976931348623157e+308,0.0,1931.5,1931.0,1930.5,1930.0,1929.5,1933.0,1933.5,1934.5,1935.0,1936.0,2,2,3,1,1,5,1,1,1,2
20191128,16:20:54.0,2019-11-28 16:20:54,PB3M,LME,1933.5,0,742,0.0,1943.0,1962.0,1929.5,0.0,0.0,1.7976931348623157e+308,1.7976931348623157e+308,0.0,1932.5,1932.0,1931.5,1931.0,1930.5,1934.5,1935.0,1936.0,1936.5,1937.0,3,4,2,1,2,2,1,2,2,2
20191128,16:20:56.0,2019-11-28 16:20:56,PB3M,LME,1933.5,0,742,0.0,1943.0,1962.0,1929.5,0.0,0.0,1.7976931348623157e+308,1.7976931348623157e+308,0.0,1932.5,1932.0,1931.5,1931.0,1930.5,1934.5,1935.0,1936.0,1936.5,1937.0,2,4,2,1,2,1,1,2,2,2
20191128,16:21:12.0,2019-11-28 16:21:12,PB3M,LME,1933.5,0,742,0.0,1943.0,1962.0,1929.5,0.0,0.0,1.7976931348623157e+308,1.7976931348623157e+308,0.0,1932.5,1932.0,1931.5,1931.0,1930.5,1934.5,1935.0,1936.0,1936.5,1937.0,2,4,2,1,2,2,1,2,2,2
20191128,16:21:21.0,2019-11-28 16:21:21,PB3M,LME,1933.5,0,742,0.0,1943.0,1962.0,1929.5,0.0,0.0,1.7976931348623157e+308,1.7976931348623157e+308,0.0,1932.5,1932.0,1931.5,1931.0,1930.5,1933.5,1935.0,1936.0,1936.5,1937.0,2,4,2,1,2,1,1,2,2,2
20191128,16:21:23.0,2019-11-28 16:21:23,PB3M,LME,1933.5,0,742,0.0,1943.0,1962.0,1929.5,0.0,0.0,1.7976931348623157e+308,1.7976931348623157e+308,0.0,1932.0,1931.5,1931.0,1930.5,1930.0,1933.5,1934.0,1934.5,1935.0,1936.0,4,2,1,2,1,1,5,2,1,2
20191128,16:21:25.0,2019-11-28 16:21:25,PB3M,LME,1933.5,0,742,0.0,1943.0,1962.0,1929.5,0.0,0.0,1.7976931348623157e+308,1.7976931348623157e+308,0.0,1932.0,1931.5,1931.0,1930.5,1930.0,1933.0,1933.5,1934.0,1934.5,1935.0,4,2,1,2,1,2,1,5,1,1
20191128,16:21:26.0,2019-11-28 16:21:26,PB3M,LME,1933.5,0,742,0.0,1943.0,1962.0,1929.5,0.0,0.0,1.7976931348623157e+308,1.7976931348623157e+308,0.0,1932.0,1931.5,1931.0,1930.5,1930.0,1933.0,1933.5,1934.0,1934.5,1935.0,3,2,1,2,1,2,1,5,1,1
20191128,16:21:43.0,2019-11-28 16:21:43,PB3M,LME,1932.0,0,745,0.0,1943.0,1962.0,1929.5,0.0,0.0,1.7976931348623157e+308,1.7976931348623157e+308,0.0,1931.5,1931.0,1930.5,1930.0,1929.5,1932.0,1933.0,1933.5,1934.5,1935.0,1,1,2,2,1,2,3,1,1,1
20191128,16:22:01.0,2019-11-28 16:22:01,PB3M,LME,1931.5,0,746,0.0,1943.0,1962.0,1929.5,0.0,0.0,1.7976931348623157e+308,1.7976931348623157e+308,0.0,1930.5,1930.0,1929.5,1929.0,1928.0,1932.0,1933.0,1933.5,1934.5,1935.0,2,2,1,2,4,3,2,1,1,1
20191128,16:22:04.0,2019-11-28 16:22:04,PB3M,LME,1931.5,0,746,0.0,1943.0,1962.0,1929.5,0.0,0.0,1.7976931348623157e+308,1.7976931348623157e+308,0.0,1930.5,1930.0,1929.5,1929.0,1928.0,1931.5,1932.0,1932.5,1933.0,1933.5,1,2,1,2,4,1,3,2,2,1
20191128,16:22:05.0,2019-11-28 16:22:05,PB3M,LME,1931.5,0,746,0.0,1943.0,1962.0,1929.5,0.0,0.0,1.7976931348623157e+308,1.7976931348623157e+308,0.0,1930.5,1930.0,1929.5,1929.0,1928.0,1931.5,1932.0,1932.5,1933.0,1933.5,1,2,1,2,4,2,3,2,1,1
20191128,16:22:59.0,2019-11-28 16:22:59,PB3M,LME,1930.5,0,748,0.0,1943.0,1962.0,1929.5,0.0,0.0,1.7976931348623157e+308,1.7976931348623157e+308,0.0,1930.0,1929.5,1929.0,1928.0,1927.0,1931.5,1932.0,1932.5,1933.0,1933.5,2,1,2,4,3,3,2,2,1,1
20191128,16:23:00.0,2019-11-28 16:23:00,PB3M,LME,1930.5,0,749,0.0,1943.0,1962.0,1929.5,0.0,0.0,1.7976931348623157e+308,1.7976931348623157e+308,0.0,1930.0,1929.5,1929.0,1928.0,1927.0,1931.5,1932.0,1932.5,1933.0,1934.0,2,1,2,4,3,2,2,2,1,1
20191128,16:23:05.0,2019-11-28 16:23:05,PB3M,LME,1930.5,0,749,0.0,1943.0,1962.0,1929.5,0.0,0.0,1.7976931348623157e+308,1.7976931348623157e+308,0.0,1930.5,1930.0,1929.5,1929.0,1928.0,1931.5,1932.0,1932.5,1933.0,1934.0,1,2,1,2,4,3,2,2,1,1
20191128,16:23:08.0,2019-11-28 16:23:08,PB3M,LME,1930.5,0,749,0.0,1943.0,1962.0,1929.5,0.0,0.0,1.7976931348623157e+308,1.7976931348623157e+308,0.0,1930.5,1930.0,1929.5,1929.0,1928.0,1931.5,1932.0,1932.5,1933.0,1934.0,2,2,1,2,4,3,2,2,1,1
20191128,16:23:13.0,2019-11-28 16:23:13,PB3M,LME,1930.5,0,749,0.0,1943.0,1962.0,1929.5,0.0,0.0,1.7976931348623157e+308,1.7976931348623157e+308,0.0,1930.5,1930.0,1929.5,1929.0,1928.0,1931.5,1932.0,1932.5,1933.0,1934.0,2,2,1,2,4,2,2,2,1,1
20191128,16:23:14.0,2019-11-28 16:23:14,PB3M,LME,1931.5,0,751,0.0,1943.0,1962.0,1929.5,0.0,0.0,1.7976931348623157e+308,1.7976931348623157e+308,0.0,1930.5,1930.0,1929.5,1929.0,1928.0,1932.0,1932.5,1933.0,1934.0,1934.5,3,2,1,2,4,2,2,1,1,3
20191128,16:23:35.0,2019-11-28 16:23:35,PB3M,LME,1932.0,0,753,0.0,1943.0,1962.0,1929.5,0.0,0.0,1.7976931348623157e+308,1.7976931348623157e+308,0.0,1931.5,1931.0,1930.5,1930.0,1929.5,1932.0,1932.5,1933.0,1933.5,1934.0,1,5,3,2,1,1,2,1,2,1
20191128,16:24:30.0,2019-11-28 16:24:30,PB3M,LME,1932.5,0,756,0.0,1943.0,1962.0,1929.5,0.0,0.0,1.7976931348623157e+308,1.7976931348623157e+308,0.0,1932.0,1931.5,1931.0,1930.5,1930.0,1933.0,1933.5,1934.0,1934.5,1935.0,1,2,5,3,2,1,2,1,1,1
20191128,16:24:31.0,2019-11-28 16:24:31,PB3M,LME,1932.5,0,756,0.0,1943.0,1962.0,1929.5,0.0,0.0,1.7976931348623157e+308,1.7976931348623157e+308,0.0,1932.0,1931.5,1931.0,1930.5,1930.0,1933.0,1933.5,1934.0,1934.5,1935.0,1,2,5,2,2,1,2,1,1,1
20191128,16:24:34.0,2019-11-28 16:24:34,PB3M,LME,1932.5,0,756,0.0,1943.0,1962.0,1929.5,0.0,0.0,1.7976931348623157e+308,1.7976931348623157e+308,0.0,1932.0,1931.5,1931.0,1930.5,1930.0,1933.0,1933.5,1934.0,1934.5,1935.0,1,2,5,2,2,2,2,1,1,1
20191128,16:25:16.0,2019-11-28 16:25:16,PB3M,LME,1932.5,0,756,0.0,1943.0,1962.0,1929.5,0.0,0.0,1.7976931348623157e+308,1.7976931348623157e+308,0.0,1931.5,1931.0,1930.5,1930.0,1929.5,1933.0,1933.5,1934.0,1934.5,1935.0,2,5,2,2,1,2,2,2,1,1
20191128,16:25:42.0,2019-11-28 16:25:42,PB3M,LME,1932.5,0,756,0.0,1943.0,1962.0,1929.5,0.0,0.0,1.7976931348623157e+308,1.7976931348623157e+308,0.0,1931.5,1931.0,1930.5,1930.0,1929.5,1933.0,1933.5,1934.0,1934.5,1935.0,2,5,2,2,1,3,2,2,1,1
20191128,16:25:45.0,2019-11-28 16:25:45,PB3M,LME,1932.5,0,756,0.0,1943.0,1962.0,1929.5,0.0,0.0,1.7976931348623157e+308,1.7976931348623157e+308,0.0,1931.5,1930.5,1930.0,1929.5,1929.0,1933.0,1933.5,1934.0,1934.5,1935.0,1,2,2,1,2,3,2,2,1,1
20191128,16:25:54.0,2019-11-28 16:25:54,PB3M,LME,1932.5,0,756,0.0,1943.0,1962.0,1929.5,0.0,0.0,1.7976931348623157e+308,1.7976931348623157e+308,0.0,1931.0,1930.0,1929.5,1929.0,1928.0,1933.0,1933.5,1934.0,1934.5,1935.0,1,4,1,2,4,3,2,2,1,1
20191128,16:26:18.0,2019-11-28 16:26:18,PB3M,LME,1932.5,0,756,0.0,1943.0,1962.0,1929.5,0.0,0.0,1.7976931348623157e+308,1.7976931348623157e+308,0.0,1931.0,1930.5,1930.0,1929.5,1929.0,1933.0,1933.5,1934.0,1934.5,1935.0,2,3,4,1,2,2,2,2,1,1
20191128,16:26:25.0,2019-11-28 16:26:25,PB3M,LME,1932.5,0,756,0.0,1943.0,1962.0,1929.5,0.0,0.0,1.7976931348623157e+308,1.7976931348623157e+308,0.0,1931.5,1931.0,1930.5,1930.0,1929.5,1933.0,1933.5,1934.0,1934.5,1935.0,2,2,3,4,1,3,2,2,1,1
20191128,16:26:37.0,2019-11-28 16:26:37,PB3M,LME,1932.5,0,756,0.0,1943.0,1962.0,1929.5,0.0,0.0,1.7976931348623157e+308,1.7976931348623157e+308,0.0,1931.5,1931.0,1930.5,1930.0,1929.5,1933.0,1933.5,1934.0,1934.5,1935.0,1,2,3,4,1,5,2,2,1,1
20191128,16:26:40.0,2019-11-28 16:26:40,PB3M,LME,1932.5,0,756,0.0,1943.0,1962.0,1929.5,0.0,0.0,1.7976931348623157e+308,1.7976931348623157e+308,0.0,1931.0,1930.5,1930.0,1929.5,1929.0,1933.0,1933.5,1934.0,1934.5,1935.0,2,3,4,1,2,5,2,2,1,1
20191128,16:26:58.0,2019-11-28 16:26:58,PB3M,LME,1933.0,0,761,0.0,1943.0,1962.0,1929.5,0.0,0.0,1.7976931348623157e+308,1.7976931348623157e+308,0.0,1933.0,1931.5,1931.0,1930.5,1930.0,1933.5,1934.0,1934.5,1935.0,1936.0,1,1,1,2,4,2,2,1,1,2
20191128,16:27:01.0,2019-11-28 16:27:01,PB3M,LME,1933.0,0,762,0.0,1943.0,1962.0,1929.5,0.0,0.0,1.7976931348623157e+308,1.7976931348623157e+308,0.0,1933.0,1931.5,1931.0,1930.5,1930.0,1933.5,1934.0,1934.5,1935.0,1936.0,1,1,1,2,4,2,2,1,1,2
20191128,16:27:16.0,2019-11-28 16:27:16,PB3M,LME,1933.0,0,763,0.0,1943.0,1962.0,1929.5,0.0,0.0,1.7976931348623157e+308,1.7976931348623157e+308,0.0,1933.0,1931.5,1931.0,1930.5,1930.0,1933.5,1934.0,1934.5,1935.0,1936.0,1,1,1,2,4,2,2,1,1,2
20191128,16:27:19.0,2019-11-28 16:27:19,PB3M,LME,1933.0,0,765,0.0,1943.0,1962.0,1929.5,0.0,0.0,1.7976931348623157e+308,1.7976931348623157e+308,0.0,1933.0,1931.5,1931.0,1930.5,1930.0,1933.5,1934.0,1934.5,1935.0,1936.0,1,2,1,2,4,3,2,1,1,2
20191128,16:27:20.0,2019-11-28 16:27:20,PB3M,LME,1933.0,0,767,0.0,1943.0,1962.0,1929.5,0.0,0.0,1.7976931348623157e+308,1.7976931348623157e+308,0.0,1933.0,1931.5,1931.0,1930.5,1930.0,1933.5,1934.0,1934.5,1935.0,1936.0,1,1,1,2,4,3,2,1,1,2
20191128,16:27:57.0,2019-11-28 16:27:57,PB3M,LME,1933.0,0,768,0.0,1943.0,1962.0,1929.5,0.0,0.0,1.7976931348623157e+308,1.7976931348623157e+308,0.0,1933.0,1931.5,1931.0,1930.5,1930.0,1933.5,1934.0,1934.5,1935.0,1936.0,1,1,1,4,8,3,2,3,1,2
20191128,16:28:49.0,2019-11-28 16:28:49,PB3M,LME,1933.0,0,776,0.0,1943.0,1962.0,1929.5,0.0,0.0,1.7976931348623157e+308,1.7976931348623157e+308,0.0,1931.5,1931.0,1930.5,1930.0,1929.5,1933.5,1934.0,1934.5,1935.0,1936.0,1,1,4,8,3,3,2,3,1,2
20191128,16:28:57.0,2019-11-28 16:28:57,PB3M,LME,1933.0,0,776,0.0,1943.0,1962.0,1929.5,0.0,0.0,1.7976931348623157e+308,1.7976931348623157e+308,0.0,1932.0,1931.0,1930.5,1930.0,1929.5,1932.5,1933.0,1933.5,1934.0,1934.5,1,1,4,8,1,1,1,2,2,3
20191128,16:28:57.0,2019-11-28 16:28:57,PB3M,LME,1932.5,0,777,0.0,1943.0,1962.0,1929.5,0.0,0.0,1.7976931348623157e+308,1.7976931348623157e+308,0.0,1932.0,1931.5,1931.0,1930.5,1930.0,1933.0,1933.5,1934.0,1934.5,1935.0,1,2,1,4,8,1,2,2,3,1
20191128,16:29:06.0,2019-11-28 16:29:06,PB3M,LME,1932.5,0,777,0.0,1943.0,1962.0,1929.5,0.0,0.0,1.7976931348623157e+308,1.7976931348623157e+308,0.0,1932.0,1931.5,1931.0,1930.5,1930.0,1933.0,1933.5,1934.0,1934.5,1935.0,2,2,1,4,8,1,2,2,3,1
20191128,16:29:07.0,2019-11-28 16:29:07,PB3M,LME,1932.5,0,777,0.0,1943.0,1962.0,1929.5,0.0,0.0,1.7976931348623157e+308,1.7976931348623157e+308,0.0,1932.5,1932.0,1931.5,1931.0,1930.5,1933.5,1934.0,1934.5,1935.0,1936.0,1,2,2,1,4,2,2,3,1,2
20191128,16:29:20.0,2019-11-28 16:29:20,PB3M,LME,1932.5,0,777,0.0,1943.0,1962.0,1929.5,0.0,0.0,1.7976931348623157e+308,1.7976931348623157e+308,0.0,1932.5,1932.0,1931.5,1931.0,1930.5,1933.5,1934.0,1934.5,1935.0,1936.0,2,1,2,1,4,2,2,3,1,2
20191128,16:29:26.0,2019-11-28 16:29:26,PB3M,LME,1932.5,0,777,0.0,1943.0,1962.0,1929.5,0.0,0.0,1.7976931348623157e+308,1.7976931348623157e+308,0.0,1933.0,1932.0,1931.5,1931.0,1930.5,1933.5,1934.0,1934.5,1935.0,1936.0,1,1,2,1,4,2,2,3,1,2
20191128,16:29:31.0,2019-11-28 16:29:31,PB3M,LME,1933.0,0,778,0.0,1943.0,1962.0,1929.5,0.0,0.0,1.7976931348623157e+308,1.7976931348623157e+308,0.0,1933.0,1932.5,1932.0,1931.5,1931.0,1933.5,1934.0,1934.5,1935.0,1936.0,1,2,1,1,1,2,2,3,1,2
20191128,16:29:32.0,2019-11-28 16:29:32,PB3M,LME,1933.0,0,778,0.0,1943.0,1962.0,1929.5,0.0,0.0,1.7976931348623157e+308,1.7976931348623157e+308,0.0,1932.5,1932.0,1931.5,1931.0,1930.5,1933.5,1934.0,1934.5,1935.0,1936.0,2,1,1,1,4,2,2,3,1,2
20191128,16:29:34.0,2019-11-28 16:29:34,PB3M,LME,1933.0,0,778,0.0,1943.0,1962.0,1929.5,0.0,0.0,1.7976931348623157e+308,1.7976931348623157e+308,0.0,1932.5,1932.0,1931.5,1931.0,1930.5,1933.5,1934.0,1934.5,1935.0,1936.0,3,1,1,1,4,2,2,3,1,2
20191128,16:29:39.0,2019-11-28 16:29:39,PB3M,LME,1933.0,0,778,0.0,1943.0,1962.0,1929.5,0.0,0.0,1.7976931348623157e+308,1.7976931348623157e+308,0.0,1933.0,1931.5,1931.0,1930.5,1930.0,1933.5,1934.0,1934.5,1935.0,1936.0,1,1,1,4,8,2,2,3,1,2
20191128,16:29:45.0,2019-11-28 16:29:45,PB3M,LME,1933.0,0,779,0.0,1943.0,1962.0,1929.5,0.0,0.0,1.7976931348623157e+308,1.7976931348623157e+308,0.0,1932.5,1931.5,1931.0,1930.5,1930.0,1933.0,1933.5,1934.0,1934.5,1935.0,1,1,1,4,8,1,3,2,3,1
20191128,16:29:46.0,2019-11-28 16:29:46,PB3M,LME,1933.0,0,779,0.0,1943.0,1962.0,1929.5,0.0,0.0,1.7976931348623157e+308,1.7976931348623157e+308,0.0,1932.0,1931.5,1931.0,1930.5,1930.0,1933.0,1933.5,1934.0,1934.5,1935.0,1,1,1,4,8,1,3,2,3,1
20191128,16:29:48.0,2019-11-28 16:29:48,PB3M,LME,1933.0,0,779,0.0,1943.0,1962.0,1929.5,0.0,0.0,1.7976931348623157e+308,1.7976931348623157e+308,0.0,1932.0,1931.5,1931.0,1930.5,1930.0,1933.0,1933.5,1934.0,1934.5,1935.0,1,1,1,4,8,2,3,2,3,1
20191128,16:30:07.0,2019-11-28 16:30:07,PB3M,LME,1933.5,0,783,0.0,1943.0,1962.0,1929.5,0.0,0.0,1.7976931348623157e+308,1.7976931348623157e+308,0.0,1933.5,1933.0,1932.5,1932.0,1931.5,1934.0,1934.5,1935.0,1936.0,1936.5,1,1,1,2,1,2,3,1,2,2
20191128,16:30:13.0,2019-11-28 16:30:13,PB3M,LME,1933.5,0,783,0.0,1943.0,1962.0,1929.5,0.0,0.0,1.7976931348623157e+308,1.7976931348623157e+308,0.0,1932.5,1931.0,1930.5,1930.0,1929.5,1934.0,1934.5,1935.0,1936.0,1936.5,1,3,4,8,3,2,3,1,2,2
20191128,16:30:22.0,2019-11-28 16:30:22,PB3M,LME,1933.5,0,783,0.0,1943.0,1962.0,1929.5,0.0,0.0,1.7976931348623157e+308,1.7976931348623157e+308,0.0,1933.0,1932.0,1931.0,1930.5,1930.0,1934.0,1934.5,1935.0,1936.0,1936.5,1,1,3,4,8,2,3,1,2,2
20191128,16:30:30.0,2019-11-28 16:30:30,PB3M,LME,1933.5,0,783,0.0,1943.0,1962.0,1929.5,0.0,0.0,1.7976931348623157e+308,1.7976931348623157e+308,0.0,1932.5,1931.0,1930.5,1930.0,1929.5,1934.0,1934.5,1935.0,1936.0,1936.5,1,3,4,8,3,1,3,1,2,2
20191128,16:30:31.0,2019-11-28 16:30:31,PB3M,LME,1933.5,0,783,0.0,1943.0,1962.0,1929.5,0.0,0.0,1.7976931348623157e+308,1.7976931348623157e+308,0.0,1932.5,1931.0,1930.5,1930.0,1929.5,1934.0,1934.5,1935.0,1936.0,1936.5,2,3,4,8,3,1,3,1,2,2
