date,time,datetime,symbol,exchange,lastPrice,lastVolume,volume,openInterest,openPrice,highPrice,lowPrice,preClosePrice,preSettlementPrice,upperLimit,lowerLimit,turnover,bidPrice1,bidPrice2,bidPrice3,bidPrice4,bidPrice5,askPrice1,askPrice2,askPrice3,askPrice4,askPrice5,bidVolume1,bidVolume2,bidVolume3,bidVolume4,bidVolume5,askVolume1,askVolume2,askVolume3,askVolume4,askVolume5
20191128,15:05:45.0,2019-11-28 15:05:45,SN3M,LME,16415.0,0,34,0.0,16415.0,16460.0,16400.0,0.0,0.0,1.7976931348623157e+308,1.7976931348623157e+308,0.0,16415.0,16410.0,16405.0,16400.0,16390.0,16455.0,16460.0,16465.0,16470.0,16485.0,2,6,1,3,10,1,1,1,2,1
20191128,15:05:45.0,2019-11-28 15:05:45,SN3M,LME,16415.0,0,34,0.0,16415.0,16460.0,16400.0,0.0,0.0,1.7976931348623157e+308,1.7976931348623157e+308,0.0,16415.0,16410.0,16405.0,16400.0,16390.0,16455.0,16460.0,16465.0,16470.0,16485.0,2,6,1,3,10,1,1,1,2,1
20191128,15:12:08.0,2019-11-28 15:12:08,SN3M,LME,16415.0,0,34,0.0,16415.0,16460.0,16400.0,0.0,0.0,1.7976931348623157e+308,1.7976931348623157e+308,0.0,16420.0,16410.0,16405.0,16400.0,16390.0,16455.0,16460.0,16465.0,16470.0,16485.0,1,6,1,3,10,1,1,1,2,1
20191128,15:12:08.0,2019-11-28 15:12:08,SN3M,LME,16415.0,0,34,0.0,16415.0,16460.0,16400.0,0.0,0.0,1.7976931348623157e+308,1.7976931348623157e+308,0.0,16420.0,16410.0,16405.0,16400.0,16390.0,16455.0,16460.0,16465.0,16470.0,16485.0,1,6,1,3,10,1,1,1,2,1
20191128,15:17:29.0,2019-11-28 15:17:29,SN3M,LME,16415.0,0,34,0.0,16415.0,16460.0,16400.0,0.0,0.0,1.7976931348623157e+308,1.7976931348623157e+308,0.0,16420.0,16415.0,16410.0,16405.0,16400.0,16450.0,16460.0,16465.0,16470.0,16480.0,1,3,5,1,3,3,1,1,2,1
20191128,15:18:34.0,2019-11-28 15:18:34,SN3M,LME,16415.0,0,34,0.0,16415.0,16460.0,16400.0,0.0,0.0,1.7976931348623157e+308,1.7976931348623157e+308,0.0,16420.0,16415.0,16410.0,16405.0,16400.0,16445.0,16455.0,16460.0,16465.0,16470.0,1,3,5,1,3,1,1,1,1,2
20191128,15:26:05.0,2019-11-28 15:26:05,SN3M,LME,16415.0,0,34,0.0,16415.0,16460.0,16400.0,0.0,0.0,1.7976931348623157e+308,1.7976931348623157e+308,0.0,16420.0,16415.0,16410.0,16405.0,16400.0,16450.0,16460.0,16465.0,16470.0,16480.0,1,3,5,1,3,1,1,1,2,1
20191128,15:26:08.0,2019-11-28 15:26:08,SN3M,LME,16415.0,0,34,0.0,16415.0,16460.0,16400.0,0.0,0.0,1.7976931348623157e+308,1.7976931348623157e+308,0.0,16420.0,16415.0,16410.0,16405.0,16400.0,16455.0,16460.0,16465.0,16470.0,16480.0,1,3,5,1,3,1,1,1,2,1
20191128,15:28:21.0,2019-11-28 15:28:21,SN3M,LME,16415.0,0,34,0.0,16415.0,16460.0,16400.0,0.0,0.0,1.7976931348623157e+308,1.7976931348623157e+308,0.0,16420.0,16415.0,16410.0,16405.0,16400.0,16450.0,16460.0,16465.0,16470.0,16480.0,1,3,5,1,3,1,1,1,2,1
20191128,15:29:33.0,2019-11-28 15:29:33,SN3M,LME,16415.0,0,34,0.0,16415.0,16460.0,16400.0,0.0,0.0,1.7976931348623157e+308,1.7976931348623157e+308,0.0,16420.0,16415.0,16410.0,16405.0,16400.0,16445.0,16455.0,16460.0,16465.0,16470.0,1,3,5,1,3,1,1,1,1,2
20191128,15:36:36.0,2019-11-28 15:36:36,SN3M,LME,16420.0,0,36,0.0,16415.0,16460.0,16400.0,0.0,0.0,1.7976931348623157e+308,1.7976931348623157e+308,0.0,16415.0,16410.0,16405.0,16400.0,16390.0,16445.0,16450.0,16460.0,16465.0,16470.0,2,5,1,3,10,1,1,1,1,2
20191128,15:37:08.0,2019-11-28 15:37:08,SN3M,LME,16420.0,0,36,0.0,16415.0,16460.0,16400.0,0.0,0.0,1.7976931348623157e+308,1.7976931348623157e+308,0.0,16415.0,16410.0,16405.0,16400.0,16390.0,16435.0,16445.0,16450.0,16460.0,16470.0,2,5,1,3,10,1,1,1,1,2
20191128,15:37:12.0,2019-11-28 15:37:12,SN3M,LME,16420.0,0,36,0.0,16415.0,16460.0,16400.0,0.0,0.0,1.7976931348623157e+308,1.7976931348623157e+308,0.0,16415.0,16410.0,16405.0,16400.0,16390.0,16440.0,16450.0,16460.0,16465.0,16470.0,2,5,1,3,10,1,1,1,1,2
20191128,15:37:14.0,2019-11-28 15:37:14,SN3M,LME,16420.0,0,36,0.0,16415.0,16460.0,16400.0,0.0,0.0,1.7976931348623157e+308,1.7976931348623157e+308,0.0,16415.0,16410.0,16405.0,16400.0,16390.0,16445.0,16450.0,16460.0,16465.0,16470.0,2,5,1,3,10,1,1,1,1,2
20191128,15:37:19.0,2019-11-28 15:37:19,SN3M,LME,16420.0,0,36,0.0,16415.0,16460.0,16400.0,0.0,0.0,1.7976931348623157e+308,1.7976931348623157e+308,0.0,16415.0,16410.0,16405.0,16400.0,16390.0,16450.0,16450.0,16460.0,16465.0,16470.0,2,5,1,3,10,1,1,1,1,2
20191128,15:37:23.0,2019-11-28 15:37:23,SN3M,LME,16420.0,0,36,0.0,16415.0,16460.0,16400.0,0.0,0.0,1.7976931348623157e+308,1.7976931348623157e+308,0.0,16415.0,16410.0,16405.0,16400.0,16390.0,16440.0,16450.0,16455.0,16460.0,16470.0,2,6,1,3,10,1,1,1,2,2
20191128,15:37:26.0,2019-11-28 15:37:26,SN3M,LME,16420.0,0,36,0.0,16415.0,16460.0,16400.0,0.0,0.0,1.7976931348623157e+308,1.7976931348623157e+308,0.0,16415.0,16410.0,16405.0,16400.0,16390.0,16445.0,16450.0,16455.0,16460.0,16470.0,2,6,1,3,10,1,1,1,1,2
20191128,15:51:34.0,2019-11-28 15:51:34,SN3M,LME,16420.0,0,36,0.0,16415.0,16460.0,16400.0,0.0,0.0,1.7976931348623157e+308,1.7976931348623157e+308,0.0,16420.0,16415.0,16410.0,16390.0,16360.0,16445.0,16450.0,16455.0,16460.0,16470.0,1,3,5,10,1,1,1,1,1,2
20191128,15:55:56.0,2019-11-28 15:55:56,SN3M,LME,16420.0,0,37,0.0,16415.0,16460.0,16400.0,0.0,0.0,1.7976931348623157e+308,1.7976931348623157e+308,0.0,16420.0,16415.0,16410.0,16390.0,16360.0,16445.0,16450.0,16455.0,16460.0,16470.0,1,3,5,10,1,1,1,1,1,2
20191128,15:56:03.0,2019-11-28 15:56:03,SN3M,LME,16420.0,0,37,0.0,16415.0,16460.0,16400.0,0.0,0.0,1.7976931348623157e+308,1.7976931348623157e+308,0.0,16415.0,16410.0,16390.0,16360.0,16350.0,16435.0,16445.0,16450.0,16460.0,16465.0,3,5,10,1,2,1,1,1,1,1
20191128,15:56:06.0,2019-11-28 15:56:06,SN3M,LME,16420.0,0,37,0.0,16415.0,16460.0,16400.0,0.0,0.0,1.7976931348623157e+308,1.7976931348623157e+308,0.0,16415.0,16410.0,16395.0,16390.0,16360.0,16440.0,16450.0,16460.0,16465.0,16470.0,2,5,1,10,1,1,1,1,1,2
20191128,15:56:08.0,2019-11-28 15:56:08,SN3M,LME,16420.0,0,37,0.0,16415.0,16460.0,16400.0,0.0,0.0,1.7976931348623157e+308,1.7976931348623157e+308,0.0,16415.0,16410.0,16395.0,16390.0,16360.0,16445.0,16450.0,16460.0,16465.0,16470.0,2,5,1,10,1,1,1,1,1,2
20191128,16:01:56.0,2019-11-28 16:01:56,SN3M,LME,16420.0,0,37,0.0,16415.0,16460.0,16400.0,0.0,0.0,1.7976931348623157e+308,1.7976931348623157e+308,0.0,16415.0,16410.0,16395.0,16390.0,16360.0,16445.0,16450.0,16460.0,16465.0,16470.0,3,5,1,10,1,1,1,1,1,2
20191128,16:09:05.0,2019-11-28 16:09:05,SN3M,LME,16420.0,0,37,0.0,16415.0,16460.0,16400.0,0.0,0.0,1.7976931348623157e+308,1.7976931348623157e+308,0.0,16415.0,16410.0,16395.0,16390.0,16360.0,16440.0,16450.0,16460.0,16465.0,16470.0,3,5,1,10,1,1,1,1,1,2
20191128,16:11:18.0,2019-11-28 16:11:18,SN3M,LME,16420.0,0,37,0.0,16415.0,16460.0,16400.0,0.0,0.0,1.7976931348623157e+308,1.7976931348623157e+308,0.0,16415.0,16410.0,16395.0,16390.0,16360.0,16445.0,16445.0,16450.0,16460.0,16465.0,3,5,1,10,1,1,1,1,1,1
20191128,16:11:22.0,2019-11-28 16:11:22,SN3M,LME,16420.0,0,37,0.0,16415.0,16460.0,16400.0,0.0,0.0,1.7976931348623157e+308,1.7976931348623157e+308,0.0,16420.0,16410.0,16395.0,16390.0,16360.0,16445.0,16450.0,16460.0,16465.0,16470.0,1,5,1,10,1,1,1,1,1,2
20191128,16:11:26.0,2019-11-28 16:11:26,SN3M,LME,16420.0,0,37,0.0,16415.0,16460.0,16400.0,0.0,0.0,1.7976931348623157e+308,1.7976931348623157e+308,0.0,16420.0,16415.0,16410.0,16390.0,16360.0,16445.0,16450.0,16460.0,16465.0,16470.0,2,3,5,10,1,1,1,1,1,2
20191128,16:14:05.0,2019-11-28 16:14:05,SN3M,LME,16410.0,0,46,0.0,16415.0,16460.0,16400.0,0.0,0.0,1.7976931348623157e+308,1.7976931348623157e+308,0.0,16390.0,16360.0,16350.0,16325.0,16320.0,16435.0,16445.0,16450.0,16460.0,16470.0,10,1,2,3,1,1,1,1,1,2
20191128,16:14:06.0,2019-11-28 16:14:06,SN3M,LME,16415.0,0,47,0.0,16415.0,16460.0,16400.0,0.0,0.0,1.7976931348623157e+308,1.7976931348623157e+308,0.0,16410.0,16390.0,16360.0,16350.0,16325.0,16430.0,16450.0,16465.0,16470.0,16480.0,4,10,1,2,3,1,1,1,2,1
20191128,16:14:07.0,2019-11-28 16:14:07,SN3M,LME,16415.0,0,47,0.0,16415.0,16460.0,16400.0,0.0,0.0,1.7976931348623157e+308,1.7976931348623157e+308,0.0,16415.0,16410.0,16390.0,16360.0,16350.0,16440.0,16450.0,16465.0,16470.0,16480.0,2,4,10,1,2,1,1,1,2,1
20191128,16:14:16.0,2019-11-28 16:14:16,SN3M,LME,16415.0,0,48,0.0,16415.0,16460.0,16400.0,0.0,0.0,1.7976931348623157e+308,1.7976931348623157e+308,0.0,16415.0,16410.0,16390.0,16360.0,16350.0,16440.0,16445.0,16450.0,16465.0,16470.0,1,5,10,1,2,1,1,1,1,2
20191128,16:14:41.0,2019-11-28 16:14:41,SN3M,LME,16415.0,0,48,0.0,16415.0,16460.0,16400.0,0.0,0.0,1.7976931348623157e+308,1.7976931348623157e+308,0.0,16420.0,16415.0,16410.0,16390.0,16360.0,16445.0,16450.0,16465.0,16470.0,16480.0,1,2,5,10,1,1,1,1,2,1
20191128,16:14:54.0,2019-11-28 16:14:54,SN3M,LME,16415.0,0,48,0.0,16415.0,16460.0,16400.0,0.0,0.0,1.7976931348623157e+308,1.7976931348623157e+308,0.0,16415.0,16415.0,16410.0,16390.0,16360.0,16445.0,16450.0,16465.0,16470.0,16480.0,2,2,5,10,1,1,1,1,2,1
20191128,16:16:35.0,2019-11-28 16:16:35,SN3M,LME,16415.0,0,49,0.0,16415.0,16460.0,16400.0,0.0,0.0,1.7976931348623157e+308,1.7976931348623157e+308,0.0,16415.0,16410.0,16390.0,16360.0,16350.0,16445.0,16450.0,16465.0,16470.0,16480.0,2,5,10,1,2,1,1,1,2,1
20191128,16:16:35.0,2019-11-28 16:16:35,SN3M,LME,16415.0,0,50,0.0,16415.0,16460.0,16400.0,0.0,0.0,1.7976931348623157e+308,1.7976931348623157e+308,0.0,16410.0,16390.0,16360.0,16350.0,16325.0,16415.0,16445.0,16450.0,16465.0,16470.0,5,10,1,2,3,3,1,1,1,2
20191128,16:16:35.0,2019-11-28 16:16:35,SN3M,LME,16415.0,0,51,0.0,16415.0,16460.0,16400.0,0.0,0.0,1.7976931348623157e+308,1.7976931348623157e+308,0.0,16410.0,16390.0,16360.0,16350.0,16325.0,16415.0,16445.0,16450.0,16465.0,16470.0,5,10,1,2,3,2,1,1,1,2
20191128,16:16:36.0,2019-11-28 16:16:36,SN3M,LME,16415.0,0,53,0.0,16415.0,16460.0,16400.0,0.0,0.0,1.7976931348623157e+308,1.7976931348623157e+308,0.0,16410.0,16390.0,16360.0,16350.0,16325.0,16415.0,16445.0,16450.0,16465.0,16470.0,5,10,1,2,3,2,1,1,1,2
20191128,16:16:37.0,2019-11-28 16:16:37,SN3M,LME,16415.0,0,53,0.0,16415.0,16460.0,16400.0,0.0,0.0,1.7976931348623157e+308,1.7976931348623157e+308,0.0,16415.0,16390.0,16360.0,16350.0,16325.0,16440.0,16445.0,16450.0,16465.0,16470.0,2,10,1,2,3,1,1,1,1,2
20191128,16:17:06.0,2019-11-28 16:17:06,SN3M,LME,16415.0,0,55,0.0,16415.0,16460.0,16400.0,0.0,0.0,1.7976931348623157e+308,1.7976931348623157e+308,0.0,16415.0,16410.0,16390.0,16360.0,16350.0,16440.0,16445.0,16450.0,16465.0,16470.0,2,5,10,1,2,1,1,1,1,2
20191128,16:17:07.0,2019-11-28 16:17:07,SN3M,LME,16415.0,0,55,0.0,16415.0,16460.0,16400.0,0.0,0.0,1.7976931348623157e+308,1.7976931348623157e+308,0.0,16415.0,16410.0,16390.0,16360.0,16350.0,16440.0,16445.0,16450.0,16465.0,16470.0,2,5,10,1,2,1,1,1,1,2
20191128,16:17:07.0,2019-11-28 16:17:07,SN3M,LME,16415.0,0,55,0.0,16415.0,16460.0,16400.0,0.0,0.0,1.7976931348623157e+308,1.7976931348623157e+308,0.0,16415.0,16410.0,16390.0,16360.0,16350.0,16440.0,16445.0,16450.0,16465.0,16470.0,2,5,10,1,2,1,1,1,1,2
20191128,16:17:07.0,2019-11-28 16:17:07,SN3M,LME,16415.0,0,55,0.0,16415.0,16460.0,16400.0,0.0,0.0,1.7976931348623157e+308,1.7976931348623157e+308,0.0,16415.0,16410.0,16390.0,16360.0,16350.0,16440.0,16445.0,16450.0,16465.0,16470.0,2,5,10,1,2,1,1,1,1,2
20191128,16:21:06.0,2019-11-28 16:21:06,SN3M,LME,16415.0,0,55,0.0,16415.0,16460.0,16400.0,0.0,0.0,1.7976931348623157e+308,1.7976931348623157e+308,0.0,16415.0,16410.0,16390.0,16360.0,16350.0,16440.0,16445.0,16450.0,16465.0,16470.0,2,5,10,1,2,2,2,1,1,2
20191128,16:21:08.0,2019-11-28 16:21:08,SN3M,LME,16415.0,0,55,0.0,16415.0,16460.0,16400.0,0.0,0.0,1.7976931348623157e+308,1.7976931348623157e+308,0.0,16415.0,16410.0,16390.0,16360.0,16350.0,16435.0,16445.0,16450.0,16465.0,16470.0,2,5,10,1,2,1,1,1,1,2
20191128,16:21:13.0,2019-11-28 16:21:13,SN3M,LME,16415.0,0,55,0.0,16415.0,16460.0,16400.0,0.0,0.0,1.7976931348623157e+308,1.7976931348623157e+308,0.0,16415.0,16410.0,16390.0,16360.0,16350.0,16425.0,16445.0,16450.0,16465.0,16470.0,2,5,10,1,2,1,1,1,1,2
20191128,16:21:40.0,2019-11-28 16:21:40,SN3M,LME,16420.0,0,56,0.0,16415.0,16460.0,16400.0,0.0,0.0,1.7976931348623157e+308,1.7976931348623157e+308,0.0,16415.0,16410.0,16390.0,16360.0,16350.0,16445.0,16445.0,16450.0,16470.0,16480.0,2,5,10,1,2,1,1,1,2,1
20191128,16:22:37.0,2019-11-28 16:22:37,SN3M,LME,16410.0,0,63,0.0,16415.0,16460.0,16400.0,0.0,0.0,1.7976931348623157e+308,1.7976931348623157e+308,0.0,16390.0,16360.0,16350.0,16325.0,16320.0,16420.0,16435.0,16440.0,16445.0,16450.0,10,1,2,3,1,1,1,1,1,1
20191128,16:22:38.0,2019-11-28 16:22:38,SN3M,LME,16410.0,0,63,0.0,16415.0,16460.0,16400.0,0.0,0.0,1.7976931348623157e+308,1.7976931348623157e+308,0.0,16410.0,16390.0,16360.0,16350.0,16325.0,16435.0,16445.0,16450.0,16470.0,16480.0,4,10,1,2,3,1,1,1,2,1
20191128,16:22:39.0,2019-11-28 16:22:39,SN3M,LME,16410.0,0,63,0.0,16415.0,16460.0,16400.0,0.0,0.0,1.7976931348623157e+308,1.7976931348623157e+308,0.0,16410.0,16390.0,16360.0,16350.0,16325.0,16435.0,16445.0,16450.0,16465.0,16470.0,5,10,1,2,3,1,1,1,1,2
20191128,16:22:39.0,2019-11-28 16:22:39,SN3M,LME,16410.0,0,65,0.0,16415.0,16460.0,16400.0,0.0,0.0,1.7976931348623157e+308,1.7976931348623157e+308,0.0,16410.0,16390.0,16360.0,16350.0,16325.0,16435.0,16445.0,16450.0,16465.0,16470.0,3,10,1,2,3,1,1,1,1,2
20191128,16:22:40.0,2019-11-28 16:22:40,SN3M,LME,16410.0,0,65,0.0,16415.0,16460.0,16400.0,0.0,0.0,1.7976931348623157e+308,1.7976931348623157e+308,0.0,16410.0,16390.0,16360.0,16350.0,16325.0,16435.0,16445.0,16450.0,16465.0,16470.0,5,10,1,2,3,1,1,1,1,2
20191128,16:22:47.0,2019-11-28 16:22:47,SN3M,LME,16410.0,0,70,0.0,16415.0,16460.0,16400.0,0.0,0.0,1.7976931348623157e+308,1.7976931348623157e+308,0.0,16390.0,16360.0,16350.0,16325.0,16320.0,16435.0,16440.0,16445.0,16450.0,16470.0,10,1,2,3,1,1,1,1,1,2
20191128,16:22:47.0,2019-11-28 16:22:47,SN3M,LME,16410.0,0,72,0.0,16415.0,16460.0,16400.0,0.0,0.0,1.7976931348623157e+308,1.7976931348623157e+308,0.0,16390.0,16360.0,16350.0,16325.0,16320.0,16425.0,16435.0,16445.0,16450.0,16465.0,10,1,2,3,1,1,1,1,1,1
20191128,16:22:49.0,2019-11-28 16:22:49,SN3M,LME,16410.0,0,72,0.0,16415.0,16460.0,16400.0,0.0,0.0,1.7976931348623157e+308,1.7976931348623157e+308,0.0,16410.0,16360.0,16350.0,16325.0,16320.0,16425.0,16435.0,16445.0,16450.0,16465.0,1,1,2,3,1,1,1,1,1,1
20191128,16:22:51.0,2019-11-28 16:22:51,SN3M,LME,16410.0,0,73,0.0,16415.0,16460.0,16400.0,0.0,0.0,1.7976931348623157e+308,1.7976931348623157e+308,0.0,16410.0,16390.0,16360.0,16350.0,16325.0,16425.0,16435.0,16445.0,16450.0,16465.0,1,10,1,2,3,1,1,1,1,1
20191128,16:22:52.0,2019-11-28 16:22:52,SN3M,LME,16410.0,0,73,0.0,16415.0,16460.0,16400.0,0.0,0.0,1.7976931348623157e+308,1.7976931348623157e+308,0.0,16390.0,16360.0,16350.0,16325.0,16320.0,16425.0,16430.0,16435.0,16445.0,16450.0,10,1,2,3,1,1,1,1,1,1
20191128,16:22:56.0,2019-11-28 16:22:56,SN3M,LME,16410.0,0,73,0.0,16415.0,16460.0,16400.0,0.0,0.0,1.7976931348623157e+308,1.7976931348623157e+308,0.0,16390.0,16350.0,16325.0,16320.0,16315.0,16420.0,16435.0,16445.0,16450.0,16465.0,10,2,3,1,11,1,1,1,1,1
20191128,16:22:59.0,2019-11-28 16:22:59,SN3M,LME,16390.0,0,82,0.0,16415.0,16460.0,16390.0,0.0,0.0,1.7976931348623157e+308,1.7976931348623157e+308,0.0,16390.0,16350.0,16325.0,16320.0,16315.0,16410.0,16420.0,16430.0,16435.0,1.7976931348623157e+308,1,2,3,1,11,1,1,1,1,0
20191128,16:23:02.0,2019-11-28 16:23:02,SN3M,LME,16390.0,0,83,0.0,16415.0,16460.0,16390.0,0.0,0.0,1.7976931348623157e+308,1.7976931348623157e+308,0.0,16360.0,16350.0,16325.0,16320.0,16315.0,16405.0,16415.0,16420.0,16445.0,16450.0,1,2,3,1,11,1,1,1,1,1
20191128,16:23:07.0,2019-11-28 16:23:07,SN3M,LME,16390.0,0,83,0.0,16415.0,16460.0,16390.0,0.0,0.0,1.7976931348623157e+308,1.7976931348623157e+308,0.0,16360.0,16350.0,16325.0,16320.0,16315.0,16405.0,16410.0,16415.0,16420.0,16440.0,1,2,3,1,11,2,1,6,1,1
20191128,16:23:11.0,2019-11-28 16:23:11,SN3M,LME,16390.0,0,83,0.0,16415.0,16460.0,16390.0,0.0,0.0,1.7976931348623157e+308,1.7976931348623157e+308,0.0,16360.0,16350.0,16325.0,16320.0,16315.0,16400.0,16410.0,16415.0,16420.0,16440.0,1,2,3,1,11,1,1,6,1,1
20191128,16:23:14.0,2019-11-28 16:23:14,SN3M,LME,16390.0,0,83,0.0,16415.0,16460.0,16390.0,0.0,0.0,1.7976931348623157e+308,1.7976931348623157e+308,0.0,16360.0,16350.0,16325.0,16320.0,16315.0,16390.0,16400.0,16415.0,16440.0,16445.0,1,2,3,1,11,1,2,6,1,1
20191128,16:23:18.0,2019-11-28 16:23:18,SN3M,LME,16390.0,0,83,0.0,16415.0,16460.0,16390.0,0.0,0.0,1.7976931348623157e+308,1.7976931348623157e+308,0.0,16360.0,16350.0,16325.0,16320.0,16315.0,16395.0,16395.0,16400.0,16410.0,16415.0,1,2,4,1,11,1,1,1,1,6
20191128,16:23:26.0,2019-11-28 16:23:26,SN3M,LME,16390.0,0,83,0.0,16415.0,16460.0,16390.0,0.0,0.0,1.7976931348623157e+308,1.7976931348623157e+308,0.0,16360.0,16350.0,16325.0,16320.0,16315.0,16395.0,16400.0,16415.0,16440.0,16445.0,1,2,6,1,11,2,2,6,1,1
20191128,16:23:28.0,2019-11-28 16:23:28,SN3M,LME,16390.0,0,83,0.0,16415.0,16460.0,16390.0,0.0,0.0,1.7976931348623157e+308,1.7976931348623157e+308,0.0,16360.0,16350.0,16325.0,16320.0,16315.0,16400.0,16400.0,16410.0,16415.0,16440.0,1,2,6,1,11,1,1,1,6,1
20191128,16:23:31.0,2019-11-28 16:23:31,SN3M,LME,16390.0,0,83,0.0,16415.0,16460.0,16390.0,0.0,0.0,1.7976931348623157e+308,1.7976931348623157e+308,0.0,16360.0,16350.0,16325.0,16320.0,16315.0,16395.0,16400.0,16405.0,16415.0,16440.0,1,2,6,1,11,2,1,1,6,1
20191128,16:23:32.0,2019-11-28 16:23:32,SN3M,LME,16390.0,0,83,0.0,16415.0,16460.0,16390.0,0.0,0.0,1.7976931348623157e+308,1.7976931348623157e+308,0.0,16360.0,16350.0,16325.0,16320.0,16315.0,16400.0,16410.0,16415.0,16440.0,16445.0,1,2,6,1,11,1,1,6,1,1
20191128,16:23:33.0,2019-11-28 16:23:33,SN3M,LME,16390.0,0,83,0.0,16415.0,16460.0,16390.0,0.0,0.0,1.7976931348623157e+308,1.7976931348623157e+308,0.0,16360.0,16350.0,16325.0,16320.0,16315.0,16395.0,16400.0,16415.0,16440.0,16445.0,1,2,6,1,11,2,2,6,1,1
20191128,16:23:34.0,2019-11-28 16:23:34,SN3M,LME,16390.0,0,83,0.0,16415.0,16460.0,16390.0,0.0,0.0,1.7976931348623157e+308,1.7976931348623157e+308,0.0,16360.0,16350.0,16325.0,16320.0,16315.0,16395.0,16400.0,16405.0,16415.0,16440.0,1,2,6,1,11,1,1,1,6,1
20191128,16:23:37.0,2019-11-28 16:23:37,SN3M,LME,16390.0,0,83,0.0,16415.0,16460.0,16390.0,0.0,0.0,1.7976931348623157e+308,1.7976931348623157e+308,0.0,16360.0,16350.0,16325.0,16320.0,16315.0,16395.0,16400.0,16410.0,16415.0,16440.0,1,2,6,1,11,2,1,1,6,1
20191128,16:23:42.0,2019-11-28 16:23:42,SN3M,LME,16390.0,0,83,0.0,16415.0,16460.0,16390.0,0.0,0.0,1.7976931348623157e+308,1.7976931348623157e+308,0.0,16360.0,16350.0,16325.0,16320.0,16315.0,16390.0,16400.0,16410.0,16415.0,16440.0,1,2,6,1,11,1,1,1,6,1
20191128,16:23:46.0,2019-11-28 16:23:46,SN3M,LME,16390.0,0,84,0.0,16415.0,16460.0,16390.0,0.0,0.0,1.7976931348623157e+308,1.7976931348623157e+308,0.0,16360.0,16350.0,16325.0,16320.0,16315.0,16390.0,16395.0,16410.0,16415.0,16440.0,1,2,6,1,11,1,1,1,6,1
20191128,16:23:47.0,2019-11-28 16:23:47,SN3M,LME,16390.0,0,84,0.0,16415.0,16460.0,16390.0,0.0,0.0,1.7976931348623157e+308,1.7976931348623157e+308,0.0,16360.0,16350.0,16325.0,16320.0,16315.0,16405.0,16410.0,16415.0,16440.0,16445.0,1,2,6,1,11,1,1,6,1,1
20191128,16:23:50.0,2019-11-28 16:23:50,SN3M,LME,16390.0,0,84,0.0,16415.0,16460.0,16390.0,0.0,0.0,1.7976931348623157e+308,1.7976931348623157e+308,0.0,16360.0,16350.0,16325.0,16320.0,16315.0,16400.0,16405.0,16410.0,16415.0,16440.0,1,2,6,1,11,1,1,1,6,1
20191128,16:23:54.0,2019-11-28 16:23:54,SN3M,LME,16390.0,0,84,0.0,16415.0,16460.0,16390.0,0.0,0.0,1.7976931348623157e+308,1.7976931348623157e+308,0.0,16360.0,16350.0,16325.0,16320.0,16315.0,16405.0,16410.0,16415.0,16440.0,16445.0,1,2,6,1,11,1,1,6,1,1
20191128,16:23:57.0,2019-11-28 16:23:57,SN3M,LME,16390.0,0,84,0.0,16415.0,16460.0,16390.0,0.0,0.0,1.7976931348623157e+308,1.7976931348623157e+308,0.0,16360.0,16350.0,16325.0,16320.0,16315.0,16410.0,16415.0,16440.0,16445.0,16450.0,1,2,6,1,11,2,4,1,1,4
20191128,16:25:55.0,2019-11-28 16:25:55,SN3M,LME,16395.0,0,85,0.0,16415.0,16460.0,16390.0,0.0,0.0,1.7976931348623157e+308,1.7976931348623157e+308,0.0,16360.0,16350.0,16325.0,16320.0,16315.0,16395.0,16400.0,16410.0,16415.0,16440.0,1,2,6,1,11,1,1,1,4,1
20191128,16:25:55.0,2019-11-28 16:25:55,SN3M,LME,16400.0,0,87,0.0,16415.0,16460.0,16390.0,0.0,0.0,1.7976931348623157e+308,1.7976931348623157e+308,0.0,16400.0,16360.0,16350.0,16325.0,16320.0,16415.0,16415.0,16445.0,16450.0,16470.0,1,1,2,6,1,4,4,1,4,2
20191128,16:25:58.0,2019-11-28 16:25:58,SN3M,LME,16400.0,0,87,0.0,16415.0,16460.0,16390.0,0.0,0.0,1.7976931348623157e+308,1.7976931348623157e+308,0.0,16400.0,16350.0,16325.0,16320.0,16315.0,16435.0,16435.0,16445.0,16450.0,16470.0,1,2,6,1,11,1,1,1,4,2
20191128,16:25:59.0,2019-11-28 16:25:59,SN3M,LME,16400.0,0,87,0.0,16415.0,16460.0,16390.0,0.0,0.0,1.7976931348623157e+308,1.7976931348623157e+308,0.0,16400.0,16350.0,16325.0,16320.0,16315.0,16430.0,16445.0,16450.0,16470.0,16480.0,1,2,6,1,11,1,2,4,2,1
20191128,16:26:07.0,2019-11-28 16:26:07,SN3M,LME,16400.0,0,87,0.0,16415.0,16460.0,16390.0,0.0,0.0,1.7976931348623157e+308,1.7976931348623157e+308,0.0,16400.0,16350.0,16325.0,16320.0,16315.0,16430.0,16440.0,16445.0,16450.0,16470.0,1,2,6,1,11,2,1,1,4,2
20191128,16:26:22.0,2019-11-28 16:26:22,SN3M,LME,16400.0,0,87,0.0,16415.0,16460.0,16390.0,0.0,0.0,1.7976931348623157e+308,1.7976931348623157e+308,0.0,16400.0,16350.0,16325.0,16320.0,16315.0,16405.0,16425.0,16440.0,16445.0,16450.0,1,2,6,1,11,1,1,1,1,4
20191128,16:26:22.0,2019-11-28 16:26:22,SN3M,LME,16400.0,0,88,0.0,16415.0,16460.0,16390.0,0.0,0.0,1.7976931348623157e+308,1.7976931348623157e+308,0.0,16400.0,16350.0,16325.0,16320.0,16315.0,16425.0,16440.0,16445.0,16450.0,16470.0,1,2,6,1,11,1,1,1,4,2
20191128,16:26:35.0,2019-11-28 16:26:35,SN3M,LME,16400.0,0,88,0.0,16415.0,16460.0,16390.0,0.0,0.0,1.7976931348623157e+308,1.7976931348623157e+308,0.0,16405.0,16350.0,16325.0,16320.0,16315.0,16425.0,16440.0,16445.0,16450.0,16470.0,4,2,6,1,11,1,1,1,4,2
20191128,16:26:43.0,2019-11-28 16:26:43,SN3M,LME,16400.0,0,88,0.0,16415.0,16460.0,16390.0,0.0,0.0,1.7976931348623157e+308,1.7976931348623157e+308,0.0,16400.0,16400.0,16360.0,16350.0,16325.0,16425.0,16440.0,16445.0,16450.0,16470.0,1,1,1,2,6,1,1,1,4,2
20191128,16:26:47.0,2019-11-28 16:26:47,SN3M,LME,16400.0,0,88,0.0,16415.0,16460.0,16390.0,0.0,0.0,1.7976931348623157e+308,1.7976931348623157e+308,0.0,16400.0,16360.0,16350.0,16325.0,16320.0,16435.0,16440.0,16445.0,16450.0,16470.0,1,1,2,6,1,3,1,1,4,2
20191128,16:27:05.0,2019-11-28 16:27:05,SN3M,LME,16400.0,0,89,0.0,16415.0,16460.0,16390.0,0.0,0.0,1.7976931348623157e+308,1.7976931348623157e+308,0.0,16350.0,16350.0,16325.0,16320.0,16315.0,16400.0,16430.0,16435.0,16445.0,16450.0,2,2,6,1,1,7,1,2,1,4
20191128,16:27:11.0,2019-11-28 16:27:11,SN3M,LME,16400.0,0,89,0.0,16415.0,16460.0,16390.0,0.0,0.0,1.7976931348623157e+308,1.7976931348623157e+308,0.0,16350.0,16325.0,16320.0,16315.0,16310.0,16420.0,16430.0,16435.0,16445.0,16450.0,2,6,1,1,2,1,1,1,1,3
20191128,16:27:14.0,2019-11-28 16:27:14,SN3M,LME,16400.0,0,89,0.0,16415.0,16460.0,16390.0,0.0,0.0,1.7976931348623157e+308,1.7976931348623157e+308,0.0,16350.0,16325.0,16320.0,16315.0,16310.0,16415.0,16425.0,16435.0,16445.0,16450.0,2,6,1,1,2,1,1,1,1,3
20191128,16:27:16.0,2019-11-28 16:27:16,SN3M,LME,16400.0,0,89,0.0,16415.0,16460.0,16390.0,0.0,0.0,1.7976931348623157e+308,1.7976931348623157e+308,0.0,16350.0,16325.0,16320.0,16315.0,16310.0,16430.0,16435.0,16445.0,16450.0,16470.0,2,6,1,1,2,2,1,1,3,2
20191128,16:27:22.0,2019-11-28 16:27:22,SN3M,LME,16400.0,0,89,0.0,16415.0,16460.0,16390.0,0.0,0.0,1.7976931348623157e+308,1.7976931348623157e+308,0.0,16355.0,16325.0,16320.0,16315.0,16310.0,16420.0,16425.0,16445.0,16450.0,16470.0,1,6,1,1,2,1,2,1,3,2
20191128,16:27:26.0,2019-11-28 16:27:26,SN3M,LME,16400.0,0,89,0.0,16415.0,16460.0,16390.0,0.0,0.0,1.7976931348623157e+308,1.7976931348623157e+308,0.0,16350.0,16325.0,16320.0,16315.0,16310.0,16420.0,16425.0,16445.0,16450.0,16470.0,2,6,1,1,2,3,1,1,3,2
20191128,16:27:27.0,2019-11-28 16:27:27,SN3M,LME,16400.0,0,89,0.0,16415.0,16460.0,16390.0,0.0,0.0,1.7976931348623157e+308,1.7976931348623157e+308,0.0,16355.0,16350.0,16325.0,16320.0,16315.0,16420.0,16425.0,16445.0,16450.0,16470.0,1,2,6,1,1,3,1,1,3,2
20191128,16:27:29.0,2019-11-28 16:27:29,SN3M,LME,16400.0,0,89,0.0,16415.0,16460.0,16390.0,0.0,0.0,1.7976931348623157e+308,1.7976931348623157e+308,0.0,16350.0,16325.0,16320.0,16315.0,16310.0,16400.0,16405.0,16420.0,16440.0,16445.0,2,6,1,1,2,1,2,1,1,1
20191128,16:27:30.0,2019-11-28 16:27:30,SN3M,LME,16400.0,0,89,0.0,16415.0,16460.0,16390.0,0.0,0.0,1.7976931348623157e+308,1.7976931348623157e+308,0.0,16355.0,16350.0,16325.0,16320.0,16315.0,16405.0,16440.0,16445.0,16450.0,16470.0,1,2,6,1,1,1,2,1,3,2
20191128,16:27:31.0,2019-11-28 16:27:31,SN3M,LME,16400.0,0,89,0.0,16415.0,16460.0,16390.0,0.0,0.0,1.7976931348623157e+308,1.7976931348623157e+308,0.0,16350.0,16325.0,16320.0,16315.0,16310.0,16400.0,16405.0,16435.0,16440.0,16445.0,2,6,1,1,2,2,1,1,1,1
20191128,16:27:32.0,2019-11-28 16:27:32,SN3M,LME,16400.0,0,89,0.0,16415.0,16460.0,16390.0,0.0,0.0,1.7976931348623157e+308,1.7976931348623157e+308,0.0,16355.0,16350.0,16325.0,16320.0,16315.0,16400.0,16435.0,16440.0,16445.0,16450.0,1,2,6,1,1,2,1,1,1,3
20191128,16:27:35.0,2019-11-28 16:27:35,SN3M,LME,16400.0,0,89,0.0,16415.0,16460.0,16390.0,0.0,0.0,1.7976931348623157e+308,1.7976931348623157e+308,0.0,16350.0,16325.0,16320.0,16315.0,16310.0,16425.0,16430.0,16445.0,16450.0,16470.0,2,6,1,1,2,1,1,1,3,2
20191128,16:27:37.0,2019-11-28 16:27:37,SN3M,LME,16400.0,0,89,0.0,16415.0,16460.0,16390.0,0.0,0.0,1.7976931348623157e+308,1.7976931348623157e+308,0.0,16350.0,16325.0,16320.0,16315.0,16310.0,16425.0,16430.0,16445.0,16450.0,16470.0,2,6,1,1,2,1,1,1,3,2
20191128,16:27:45.0,2019-11-28 16:27:45,SN3M,LME,16400.0,0,89,0.0,16415.0,16460.0,16390.0,0.0,0.0,1.7976931348623157e+308,1.7976931348623157e+308,0.0,16355.0,16350.0,16325.0,16320.0,16315.0,16420.0,16435.0,16440.0,16445.0,16450.0,1,2,6,1,1,1,1,1,1,3
20191128,16:27:49.0,2019-11-28 16:27:49,SN3M,LME,16400.0,0,89,0.0,16415.0,16460.0,16390.0,0.0,0.0,1.7976931348623157e+308,1.7976931348623157e+308,0.0,16355.0,16350.0,16325.0,16320.0,16315.0,16415.0,16420.0,16425.0,16440.0,16445.0,1,2,5,1,2,1,1,1,1,1
20191128,16:27:51.0,2019-11-28 16:27:51,SN3M,LME,16400.0,0,89,0.0,16415.0,16460.0,16390.0,0.0,0.0,1.7976931348623157e+308,1.7976931348623157e+308,0.0,16350.0,16325.0,16320.0,16315.0,16310.0,16420.0,16425.0,16440.0,16445.0,16450.0,2,4,1,2,2,1,1,1,1,3
20191128,16:27:57.0,2019-11-28 16:27:57,SN3M,LME,16400.0,0,89,0.0,16415.0,16460.0,16390.0,0.0,0.0,1.7976931348623157e+308,1.7976931348623157e+308,0.0,16355.0,16350.0,16325.0,16320.0,16315.0,16415.0,16420.0,16425.0,16440.0,16445.0,1,2,4,1,2,1,1,1,1,1
20191128,16:27:59.0,2019-11-28 16:27:59,SN3M,LME,16400.0,0,89,0.0,16415.0,16460.0,16390.0,0.0,0.0,1.7976931348623157e+308,1.7976931348623157e+308,0.0,16355.0,16350.0,16325.0,16320.0,16315.0,16415.0,16420.0,16430.0,16435.0,16445.0,1,2,4,1,2,2,1,1,1,1
20191128,16:28:00.0,2019-11-28 16:28:00,SN3M,LME,16400.0,0,89,0.0,16415.0,16460.0,16390.0,0.0,0.0,1.7976931348623157e+308,1.7976931348623157e+308,0.0,16350.0,16325.0,16320.0,16315.0,16310.0,16415.0,16420.0,16435.0,16445.0,16450.0,2,4,1,2,2,2,1,1,1,3
20191128,16:28:03.0,2019-11-28 16:28:03,SN3M,LME,16400.0,0,89,0.0,16415.0,16460.0,16390.0,0.0,0.0,1.7976931348623157e+308,1.7976931348623157e+308,0.0,16350.0,16325.0,16320.0,16315.0,16310.0,16410.0,16420.0,16435.0,16445.0,16450.0,2,4,1,2,2,1,1,1,1,3
20191128,16:28:07.0,2019-11-28 16:28:07,SN3M,LME,16400.0,0,89,0.0,16415.0,16460.0,16390.0,0.0,0.0,1.7976931348623157e+308,1.7976931348623157e+308,0.0,16350.0,16325.0,16320.0,16315.0,16310.0,16400.0,16405.0,16430.0,16435.0,16440.0,2,4,1,2,2,1,1,1,1,1
20191128,16:28:09.0,2019-11-28 16:28:09,SN3M,LME,16400.0,0,89,0.0,16415.0,16460.0,16390.0,0.0,0.0,1.7976931348623157e+308,1.7976931348623157e+308,0.0,16350.0,16325.0,16320.0,16315.0,16310.0,16400.0,16405.0,16430.0,16435.0,16440.0,2,4,1,2,2,2,1,1,1,1
20191128,16:28:16.0,2019-11-28 16:28:16,SN3M,LME,16400.0,0,89,0.0,16415.0,16460.0,16390.0,0.0,0.0,1.7976931348623157e+308,1.7976931348623157e+308,0.0,16350.0,16325.0,16320.0,16315.0,16310.0,16400.0,16405.0,16410.0,16440.0,16445.0,2,4,1,2,2,2,1,1,1,1
20191128,16:28:17.0,2019-11-28 16:28:17,SN3M,LME,16400.0,0,89,0.0,16415.0,16460.0,16390.0,0.0,0.0,1.7976931348623157e+308,1.7976931348623157e+308,0.0,16375.0,16325.0,16320.0,16315.0,16310.0,16400.0,16405.0,16410.0,16440.0,16445.0,1,4,1,2,2,2,1,1,1,1
20191128,16:28:22.0,2019-11-28 16:28:22,SN3M,LME,16400.0,0,89,0.0,16415.0,16460.0,16390.0,0.0,0.0,1.7976931348623157e+308,1.7976931348623157e+308,0.0,16375.0,16350.0,16325.0,16320.0,16315.0,16405.0,16405.0,16410.0,16435.0,16440.0,1,2,4,1,2,1,1,1,1,1
20191128,16:28:23.0,2019-11-28 16:28:23,SN3M,LME,16400.0,0,89,0.0,16415.0,16460.0,16390.0,0.0,0.0,1.7976931348623157e+308,1.7976931348623157e+308,0.0,16375.0,16350.0,16325.0,16320.0,16315.0,16435.0,16435.0,16440.0,16445.0,16450.0,1,2,4,1,2,1,1,1,1,3
20191128,16:28:31.0,2019-11-28 16:28:31,SN3M,LME,16400.0,0,89,0.0,16415.0,16460.0,16390.0,0.0,0.0,1.7976931348623157e+308,1.7976931348623157e+308,0.0,16380.0,16375.0,16350.0,16325.0,16320.0,16420.0,16425.0,16440.0,16445.0,16450.0,1,1,2,4,1,1,1,1,1,3
20191128,16:28:33.0,2019-11-28 16:28:33,SN3M,LME,16400.0,0,89,0.0,16415.0,16460.0,16390.0,0.0,0.0,1.7976931348623157e+308,1.7976931348623157e+308,0.0,16380.0,16375.0,16350.0,16325.0,16320.0,16415.0,16425.0,16440.0,16445.0,16450.0,1,1,2,4,1,1,1,1,1,3
20191128,16:28:34.0,2019-11-28 16:28:34,SN3M,LME,16400.0,0,89,0.0,16415.0,16460.0,16390.0,0.0,0.0,1.7976931348623157e+308,1.7976931348623157e+308,0.0,16375.0,16350.0,16325.0,16320.0,16315.0,16415.0,16420.0,16440.0,16445.0,16450.0,1,2,4,1,2,1,1,1,1,3
20191128,16:28:36.0,2019-11-28 16:28:36,SN3M,LME,16400.0,0,89,0.0,16415.0,16460.0,16390.0,0.0,0.0,1.7976931348623157e+308,1.7976931348623157e+308,0.0,16375.0,16350.0,16325.0,16320.0,16315.0,16415.0,16420.0,16440.0,16445.0,16450.0,1,2,4,1,2,2,1,1,1,3
20191128,16:29:14.0,2019-11-28 16:29:14,SN3M,LME,16400.0,0,89,0.0,16415.0,16460.0,16390.0,0.0,0.0,1.7976931348623157e+308,1.7976931348623157e+308,0.0,16375.0,16350.0,16325.0,16320.0,16315.0,16415.0,16420.0,16440.0,16445.0,16450.0,1,2,1,4,2,1,1,1,1,3
20191128,16:29:16.0,2019-11-28 16:29:16,SN3M,LME,16400.0,0,89,0.0,16415.0,16460.0,16390.0,0.0,0.0,1.7976931348623157e+308,1.7976931348623157e+308,0.0,16375.0,16350.0,16325.0,16320.0,16315.0,16415.0,16420.0,16440.0,16445.0,16450.0,1,2,1,4,2,2,2,1,1,3
20191128,16:32:57.0,2019-11-28 16:32:57,SN3M,LME,16400.0,0,89,0.0,16415.0,16460.0,16390.0,0.0,0.0,1.7976931348623157e+308,1.7976931348623157e+308,0.0,16375.0,16350.0,16325.0,16320.0,16315.0,16415.0,16420.0,16440.0,16445.0,16450.0,1,2,1,4,2,1,1,1,1,1
20191128,16:32:59.0,2019-11-28 16:32:59,SN3M,LME,16400.0,0,89,0.0,16415.0,16460.0,16390.0,0.0,0.0,1.7976931348623157e+308,1.7976931348623157e+308,0.0,16375.0,16350.0,16325.0,16320.0,16315.0,16445.0,16420.0,16440.0,16445.0,16450.0,1,2,1,4,2,2,1,1,1,1
20191128,16:33:04.0,2019-11-28 16:33:04,SN3M,LME,16400.0,0,89,0.0,16415.0,16460.0,16390.0,0.0,0.0,1.7976931348623157e+308,1.7976931348623157e+308,0.0,16380.0,16350.0,16325.0,16320.0,16315.0,16435.0,16440.0,16445.0,16450.0,16470.0,1,2,1,4,2,1,2,1,1,2
20191128,16:33:05.0,2019-11-28 16:33:05,SN3M,LME,16400.0,0,89,0.0,16415.0,16460.0,16390.0,0.0,0.0,1.7976931348623157e+308,1.7976931348623157e+308,0.0,16375.0,16350.0,16325.0,16320.0,16315.0,16435.0,16440.0,16445.0,16450.0,16470.0,1,2,1,4,2,2,1,1,1,2
20191128,16:33:07.0,2019-11-28 16:33:07,SN3M,LME,16400.0,0,89,0.0,16415.0,16460.0,16390.0,0.0,0.0,1.7976931348623157e+308,1.7976931348623157e+308,0.0,16375.0,16350.0,16325.0,16320.0,16315.0,16420.0,16430.0,16440.0,16445.0,16450.0,1,2,1,4,2,1,1,1,1,1
20191128,16:33:10.0,2019-11-28 16:33:10,SN3M,LME,16400.0,0,89,0.0,16415.0,16460.0,16390.0,0.0,0.0,1.7976931348623157e+308,1.7976931348623157e+308,0.0,16375.0,16350.0,16325.0,16320.0,16315.0,16420.0,16425.0,16440.0,16445.0,16450.0,1,2,1,4,2,2,1,1,1,1
20191128,16:33:16.0,2019-11-28 16:33:16,SN3M,LME,16400.0,0,89,0.0,16415.0,16460.0,16390.0,0.0,0.0,1.7976931348623157e+308,1.7976931348623157e+308,0.0,16375.0,16350.0,16325.0,16320.0,16315.0,16415.0,16420.0,16445.0,16450.0,16470.0,1,2,1,4,2,2,2,1,1,2
20191128,16:33:28.0,2019-11-28 16:33:28,SN3M,LME,16400.0,0,89,0.0,16415.0,16460.0,16390.0,0.0,0.0,1.7976931348623157e+308,1.7976931348623157e+308,0.0,16375.0,16350.0,16325.0,16320.0,16315.0,16410.0,16415.0,16440.0,16445.0,16450.0,1,2,1,4,2,1,1,1,1,1
20191128,16:33:41.0,2019-11-28 16:33:41,SN3M,LME,16400.0,0,89,0.0,16415.0,16460.0,16390.0,0.0,0.0,1.7976931348623157e+308,1.7976931348623157e+308,0.0,16375.0,16350.0,16325.0,16320.0,16315.0,16405.0,16415.0,16440.0,16445.0,16450.0,1,2,1,4,2,1,1,1,1,1
20191128,16:34:04.0,2019-11-28 16:34:04,SN3M,LME,16400.0,0,89,0.0,16415.0,16460.0,16390.0,0.0,0.0,1.7976931348623157e+308,1.7976931348623157e+308,0.0,16375.0,16350.0,16325.0,16320.0,16315.0,16420.0,16430.0,16435.0,16445.0,16450.0,1,2,1,4,2,1,1,1,1,2
20191128,16:34:05.0,2019-11-28 16:34:05,SN3M,LME,16400.0,0,89,0.0,16415.0,16460.0,16390.0,0.0,0.0,1.7976931348623157e+308,1.7976931348623157e+308,0.0,16375.0,16350.0,16325.0,16320.0,16315.0,16415.0,16430.0,16435.0,16445.0,16450.0,1,2,1,4,2,1,1,1,1,2
20191128,16:34:09.0,2019-11-28 16:34:09,SN3M,LME,16400.0,0,89,0.0,16415.0,16460.0,16390.0,0.0,0.0,1.7976931348623157e+308,1.7976931348623157e+308,0.0,16375.0,16350.0,16325.0,16320.0,16315.0,16410.0,16425.0,16440.0,16445.0,16450.0,1,2,1,4,2,1,1,1,1,2
20191128,16:34:12.0,2019-11-28 16:34:12,SN3M,LME,16400.0,0,89,0.0,16415.0,16460.0,16390.0,0.0,0.0,1.7976931348623157e+308,1.7976931348623157e+308,0.0,16375.0,16350.0,16325.0,16320.0,16315.0,16400.0,16410.0,16440.0,16445.0,16450.0,1,2,1,4,2,1,1,1,1,2
20191128,16:34:19.0,2019-11-28 16:34:19,SN3M,LME,16400.0,0,89,0.0,16415.0,16460.0,16390.0,0.0,0.0,1.7976931348623157e+308,1.7976931348623157e+308,0.0,16375.0,16350.0,16325.0,16320.0,16315.0,16410.0,16410.0,16440.0,16445.0,16450.0,1,2,1,4,2,1,1,1,1,2
20191128,16:34:26.0,2019-11-28 16:34:26,SN3M,LME,16400.0,0,89,0.0,16415.0,16460.0,16390.0,0.0,0.0,1.7976931348623157e+308,1.7976931348623157e+308,0.0,16375.0,16350.0,16325.0,16320.0,16315.0,16420.0,16420.0,16440.0,16445.0,16450.0,1,2,1,4,2,1,1,1,1,2
20191128,16:34:29.0,2019-11-28 16:34:29,SN3M,LME,16400.0,0,89,0.0,16415.0,16460.0,16390.0,0.0,0.0,1.7976931348623157e+308,1.7976931348623157e+308,0.0,16375.0,16350.0,16325.0,16320.0,16315.0,16415.0,16425.0,16440.0,16445.0,16450.0,1,2,1,4,2,1,1,1,1,2
20191128,16:34:32.0,2019-11-28 16:34:32,SN3M,LME,16400.0,0,89,0.0,16415.0,16460.0,16390.0,0.0,0.0,1.7976931348623157e+308,1.7976931348623157e+308,0.0,16375.0,16350.0,16325.0,16320.0,16315.0,16410.0,16415.0,16420.0,16440.0,16445.0,1,2,1,4,2,1,1,1,1,1
20191128,16:34:34.0,2019-11-28 16:34:34,SN3M,LME,16400.0,0,89,0.0,16415.0,16460.0,16390.0,0.0,0.0,1.7976931348623157e+308,1.7976931348623157e+308,0.0,16375.0,16350.0,16325.0,16320.0,16315.0,16405.0,16415.0,16420.0,16440.0,16445.0,1,2,1,4,2,1,1,1,1,1
20191128,16:34:41.0,2019-11-28 16:34:41,SN3M,LME,16400.0,0,89,0.0,16415.0,16460.0,16390.0,0.0,0.0,1.7976931348623157e+308,1.7976931348623157e+308,0.0,16375.0,16350.0,16325.0,16320.0,16315.0,16400.0,16410.0,16420.0,16440.0,16445.0,1,2,1,4,2,1,1,1,1,1
20191128,16:35:02.0,2019-11-28 16:35:02,SN3M,LME,16400.0,0,89,0.0,16415.0,16460.0,16390.0,0.0,0.0,1.7976931348623157e+308,1.7976931348623157e+308,0.0,16375.0,16350.0,16325.0,16320.0,16315.0,16410.0,16415.0,16420.0,16445.0,16450.0,1,2,1,4,2,1,2,1,1,2
20191128,16:36:22.0,2019-11-28 16:36:22,SN3M,LME,16400.0,0,89,0.0,16415.0,16460.0,16390.0,0.0,0.0,1.7976931348623157e+308,1.7976931348623157e+308,0.0,16375.0,16350.0,16325.0,16320.0,16315.0,16405.0,16415.0,16420.0,16445.0,16450.0,1,2,1,4,2,1,2,1,1,2
20191128,16:36:29.0,2019-11-28 16:36:29,SN3M,LME,16400.0,0,89,0.0,16415.0,16460.0,16390.0,0.0,0.0,1.7976931348623157e+308,1.7976931348623157e+308,0.0,16375.0,16350.0,16325.0,16320.0,16315.0,16410.0,16410.0,16420.0,16440.0,16445.0,1,2,1,4,2,1,1,1,1,1
20191128,16:36:33.0,2019-11-28 16:36:33,SN3M,LME,16400.0,0,89,0.0,16415.0,16460.0,16390.0,0.0,0.0,1.7976931348623157e+308,1.7976931348623157e+308,0.0,16375.0,16350.0,16325.0,16320.0,16315.0,16405.0,16415.0,16420.0,16445.0,16450.0,1,2,1,4,2,1,1,2,1,2
20191128,16:36:46.0,2019-11-28 16:36:46,SN3M,LME,16400.0,0,89,0.0,16415.0,16460.0,16390.0,0.0,0.0,1.7976931348623157e+308,1.7976931348623157e+308,0.0,16375.0,16350.0,16325.0,16320.0,16315.0,16400.0,16405.0,16420.0,16440.0,16445.0,1,2,1,4,2,1,1,1,1,1
20191128,16:37:07.0,2019-11-28 16:37:07,SN3M,LME,16400.0,0,89,0.0,16415.0,16460.0,16390.0,0.0,0.0,1.7976931348623157e+308,1.7976931348623157e+308,0.0,16375.0,16350.0,16325.0,16320.0,16315.0,16410.0,16415.0,16420.0,16445.0,16450.0,1,2,1,4,2,1,1,2,1,2
20191128,16:37:12.0,2019-11-28 16:37:12,SN3M,LME,16400.0,0,89,0.0,16415.0,16460.0,16390.0,0.0,0.0,1.7976931348623157e+308,1.7976931348623157e+308,0.0,16375.0,16350.0,16325.0,16320.0,16315.0,16405.0,16410.0,16420.0,16440.0,16445.0,1,2,1,4,2,1,1,1,1,1
20191128,16:37:13.0,2019-11-28 16:37:13,SN3M,LME,16400.0,0,89,0.0,16415.0,16460.0,16390.0,0.0,0.0,1.7976931348623157e+308,1.7976931348623157e+308,0.0,16375.0,16350.0,16325.0,16320.0,16315.0,16400.0,16410.0,16420.0,16440.0,16445.0,1,2,1,4,2,1,1,1,1,1
20191128,16:38:38.0,2019-11-28 16:38:38,SN3M,LME,16400.0,0,89,0.0,16415.0,16460.0,16390.0,0.0,0.0,1.7976931348623157e+308,1.7976931348623157e+308,0.0,16375.0,16350.0,16325.0,16320.0,16315.0,16410.0,16415.0,16420.0,16445.0,16450.0,1,2,1,4,2,1,2,1,1,2
20191128,16:38:43.0,2019-11-28 16:38:43,SN3M,LME,16400.0,0,89,0.0,16415.0,16460.0,16390.0,0.0,0.0,1.7976931348623157e+308,1.7976931348623157e+308,0.0,16375.0,16350.0,16325.0,16320.0,16315.0,16405.0,16410.0,16420.0,16440.0,16445.0,1,2,1,4,2,1,1,1,1,1
20191128,16:38:44.0,2019-11-28 16:38:44,SN3M,LME,16400.0,0,89,0.0,16415.0,16460.0,16390.0,0.0,0.0,1.7976931348623157e+308,1.7976931348623157e+308,0.0,16375.0,16350.0,16325.0,16320.0,16315.0,16400.0,16410.0,16420.0,16440.0,16445.0,1,2,1,4,2,1,1,1,1,1
20191128,16:38:56.0,2019-11-28 16:38:56,SN3M,LME,16400.0,0,89,0.0,16415.0,16460.0,16390.0,0.0,0.0,1.7976931348623157e+308,1.7976931348623157e+308,0.0,16375.0,16350.0,16325.0,16320.0,16315.0,16410.0,16415.0,16420.0,16445.0,16450.0,1,2,1,4,2,1,1,2,1,2
20191128,16:39:00.0,2019-11-28 16:39:00,SN3M,LME,16400.0,0,89,0.0,16415.0,16460.0,16390.0,0.0,0.0,1.7976931348623157e+308,1.7976931348623157e+308,0.0,16375.0,16350.0,16325.0,16320.0,16315.0,16405.0,16410.0,16420.0,16440.0,16445.0,1,2,1,4,2,1,1,1,1,1
20191128,16:39:02.0,2019-11-28 16:39:02,SN3M,LME,16400.0,0,89,0.0,16415.0,16460.0,16390.0,0.0,0.0,1.7976931348623157e+308,1.7976931348623157e+308,0.0,16375.0,16350.0,16325.0,16320.0,16315.0,16395.0,16400.0,16420.0,16440.0,16445.0,1,2,1,4,2,1,1,1,1,1
20191128,16:39:20.0,2019-11-28 16:39:20,SN3M,LME,16400.0,0,89,0.0,16415.0,16460.0,16390.0,0.0,0.0,1.7976931348623157e+308,1.7976931348623157e+308,0.0,16375.0,16350.0,16325.0,16320.0,16315.0,16400.0,16410.0,16415.0,16420.0,16445.0,1,2,1,4,2,1,1,1,1,1
20191128,16:39:23.0,2019-11-28 16:39:23,SN3M,LME,16400.0,0,89,0.0,16415.0,16460.0,16390.0,0.0,0.0,1.7976931348623157e+308,1.7976931348623157e+308,0.0,16375.0,16350.0,16325.0,16320.0,16315.0,16405.0,16415.0,16420.0,16440.0,16445.0,1,2,1,4,2,1,1,1,1,1
20191128,16:39:26.0,2019-11-28 16:39:26,SN3M,LME,16400.0,0,89,0.0,16415.0,16460.0,16390.0,0.0,0.0,1.7976931348623157e+308,1.7976931348623157e+308,0.0,16375.0,16350.0,16325.0,16320.0,16315.0,16410.0,16410.0,16420.0,16440.0,16445.0,1,2,1,4,2,2,1,1,1,1
20191128,16:39:29.0,2019-11-28 16:39:29,SN3M,LME,16400.0,0,89,0.0,16415.0,16460.0,16390.0,0.0,0.0,1.7976931348623157e+308,1.7976931348623157e+308,0.0,16375.0,16350.0,16325.0,16320.0,16315.0,16395.0,16400.0,16420.0,16440.0,16445.0,1,2,1,4,2,1,1,1,1,1
20191128,16:39:50.0,2019-11-28 16:39:50,SN3M,LME,16400.0,0,89,0.0,16415.0,16460.0,16390.0,0.0,0.0,1.7976931348623157e+308,1.7976931348623157e+308,0.0,16375.0,16350.0,16325.0,16320.0,16315.0,16400.0,16420.0,16440.0,16445.0,16450.0,1,2,1,4,2,1,1,1,1,2
20191128,16:39:52.0,2019-11-28 16:39:52,SN3M,LME,16400.0,0,89,0.0,16415.0,16460.0,16390.0,0.0,0.0,1.7976931348623157e+308,1.7976931348623157e+308,0.0,16375.0,16350.0,16325.0,16320.0,16315.0,16405.0,16420.0,16440.0,16445.0,16450.0,1,2,1,4,2,1,1,1,1,2
20191128,16:39:55.0,2019-11-28 16:39:55,SN3M,LME,16400.0,0,89,0.0,16415.0,16460.0,16390.0,0.0,0.0,1.7976931348623157e+308,1.7976931348623157e+308,0.0,16375.0,16350.0,16325.0,16320.0,16315.0,16410.0,16420.0,16440.0,16445.0,16450.0,1,2,1,4,2,1,1,1,1,2
20191128,16:39:56.0,2019-11-28 16:39:56,SN3M,LME,16400.0,0,89,0.0,16415.0,16460.0,16390.0,0.0,0.0,1.7976931348623157e+308,1.7976931348623157e+308,0.0,16375.0,16350.0,16325.0,16320.0,16315.0,16415.0,16420.0,16440.0,16445.0,16450.0,1,2,1,4,2,1,1,1,1,2
20191128,16:39:58.0,2019-11-28 16:39:58,SN3M,LME,16400.0,0,89,0.0,16415.0,16460.0,16390.0,0.0,0.0,1.7976931348623157e+308,1.7976931348623157e+308,0.0,16375.0,16350.0,16325.0,16320.0,16315.0,16410.0,16420.0,16440.0,16445.0,16450.0,1,2,1,4,2,1,1,1,1,2
20191128,16:40:00.0,2019-11-28 16:40:00,SN3M,LME,16400.0,0,89,0.0,16415.0,16460.0,16390.0,0.0,0.0,1.7976931348623157e+308,1.7976931348623157e+308,0.0,16375.0,16350.0,16325.0,16320.0,16315.0,16405.0,16410.0,16420.0,16440.0,16445.0,1,2,1,4,2,1,1,1,1,1
20191128,16:40:02.0,2019-11-28 16:40:02,SN3M,LME,16400.0,0,89,0.0,16415.0,16460.0,16390.0,0.0,0.0,1.7976931348623157e+308,1.7976931348623157e+308,0.0,16375.0,16350.0,16325.0,16320.0,16315.0,16400.0,16405.0,16420.0,16440.0,16445.0,1,2,1,4,2,1,1,1,1,1
20191128,16:40:04.0,2019-11-28 16:40:04,SN3M,LME,16400.0,0,89,0.0,16415.0,16460.0,16390.0,0.0,0.0,1.7976931348623157e+308,1.7976931348623157e+308,0.0,16375.0,16350.0,16325.0,16320.0,16315.0,16395.0,16405.0,16420.0,16440.0,16445.0,1,2,1,4,2,1,1,1,1,1
20191128,16:40:09.0,2019-11-28 16:40:09,SN3M,LME,16400.0,0,89,0.0,16415.0,16460.0,16390.0,0.0,0.0,1.7976931348623157e+308,1.7976931348623157e+308,0.0,16375.0,16350.0,16325.0,16320.0,16315.0,16390.0,16400.0,16420.0,16440.0,16445.0,1,2,1,4,2,1,1,1,1,1
20191128,16:40:19.0,2019-11-28 16:40:19,SN3M,LME,16400.0,0,89,0.0,16415.0,16460.0,16390.0,0.0,0.0,1.7976931348623157e+308,1.7976931348623157e+308,0.0,16375.0,16350.0,16325.0,16320.0,16315.0,16395.0,16395.0,16420.0,16440.0,16445.0,1,2,1,4,2,1,1,1,1,1
20191128,16:40:22.0,2019-11-28 16:40:22,SN3M,LME,16400.0,0,89,0.0,16415.0,16460.0,16390.0,0.0,0.0,1.7976931348623157e+308,1.7976931348623157e+308,0.0,16375.0,16350.0,16325.0,16320.0,16315.0,16400.0,16410.0,16415.0,16420.0,16445.0,1,2,1,4,2,1,1,1,1,1
20191128,16:40:24.0,2019-11-28 16:40:24,SN3M,LME,16400.0,0,89,0.0,16415.0,16460.0,16390.0,0.0,0.0,1.7976931348623157e+308,1.7976931348623157e+308,0.0,16375.0,16350.0,16325.0,16320.0,16315.0,16400.0,16400.0,16420.0,16440.0,16445.0,1,2,1,4,2,1,1,1,1,1
20191128,16:40:26.0,2019-11-28 16:40:26,SN3M,LME,16400.0,0,89,0.0,16415.0,16460.0,16390.0,0.0,0.0,1.7976931348623157e+308,1.7976931348623157e+308,0.0,16375.0,16350.0,16325.0,16320.0,16315.0,16415.0,16420.0,16440.0,16445.0,16450.0,1,2,1,4,2,1,1,1,1,2
20191128,16:40:37.0,2019-11-28 16:40:37,SN3M,LME,16400.0,0,89,0.0,16415.0,16460.0,16390.0,0.0,0.0,1.7976931348623157e+308,1.7976931348623157e+308,0.0,16375.0,16350.0,16325.0,16320.0,16315.0,16410.0,16415.0,16420.0,16440.0,16445.0,1,2,1,4,2,1,1,1,1,1
20191128,16:40:40.0,2019-11-28 16:40:40,SN3M,LME,16400.0,0,89,0.0,16415.0,16460.0,16390.0,0.0,0.0,1.7976931348623157e+308,1.7976931348623157e+308,0.0,16375.0,16350.0,16325.0,16320.0,16315.0,16405.0,16410.0,16420.0,16440.0,16445.0,1,2,1,4,2,1,1,1,1,1
20191128,16:40:52.0,2019-11-28 16:40:52,SN3M,LME,16400.0,0,89,0.0,16415.0,16460.0,16390.0,0.0,0.0,1.7976931348623157e+308,1.7976931348623157e+308,0.0,16375.0,16350.0,16325.0,16320.0,16315.0,16400.0,16405.0,16420.0,16440.0,16445.0,1,2,1,4,2,1,1,1,1,1
20191128,16:40:55.0,2019-11-28 16:40:55,SN3M,LME,16400.0,0,89,0.0,16415.0,16460.0,16390.0,0.0,0.0,1.7976931348623157e+308,1.7976931348623157e+308,0.0,16375.0,16350.0,16325.0,16320.0,16315.0,16395.0,16400.0,16420.0,16440.0,16445.0,1,2,1,4,2,1,1,1,1,1
20191128,16:41:05.0,2019-11-28 16:41:05,SN3M,LME,16400.0,0,89,0.0,16415.0,16460.0,16390.0,0.0,0.0,1.7976931348623157e+308,1.7976931348623157e+308,0.0,16375.0,16350.0,16325.0,16320.0,16315.0,16400.0,16420.0,16440.0,16445.0,16450.0,1,2,1,4,2,1,1,1,1,2
20191128,16:41:07.0,2019-11-28 16:41:07,SN3M,LME,16400.0,0,89,0.0,16415.0,16460.0,16390.0,0.0,0.0,1.7976931348623157e+308,1.7976931348623157e+308,0.0,16375.0,16350.0,16325.0,16320.0,16315.0,16405.0,16420.0,16440.0,16445.0,16450.0,1,2,1,4,2,1,1,1,1,2
20191128,16:41:09.0,2019-11-28 16:41:09,SN3M,LME,16400.0,0,89,0.0,16415.0,16460.0,16390.0,0.0,0.0,1.7976931348623157e+308,1.7976931348623157e+308,0.0,16375.0,16350.0,16325.0,16320.0,16315.0,16410.0,16420.0,16440.0,16445.0,16450.0,1,2,1,4,2,1,1,1,1,2
20191128,16:41:11.0,2019-11-28 16:41:11,SN3M,LME,16400.0,0,89,0.0,16415.0,16460.0,16390.0,0.0,0.0,1.7976931348623157e+308,1.7976931348623157e+308,0.0,16375.0,16350.0,16325.0,16320.0,16315.0,16415.0,16420.0,16440.0,16445.0,16450.0,1,2,1,4,2,1,1,1,1,2
20191128,16:42:42.0,2019-11-28 16:42:42,SN3M,LME,16400.0,0,89,0.0,16415.0,16460.0,16390.0,0.0,0.0,1.7976931348623157e+308,1.7976931348623157e+308,0.0,16375.0,16350.0,16325.0,16320.0,16315.0,16410.0,16420.0,16440.0,16445.0,16450.0,1,2,1,4,2,1,1,1,1,1
20191128,16:42:52.0,2019-11-28 16:42:52,SN3M,LME,16400.0,0,89,0.0,16415.0,16460.0,16390.0,0.0,0.0,1.7976931348623157e+308,1.7976931348623157e+308,0.0,16375.0,16350.0,16325.0,16320.0,16315.0,16415.0,16415.0,16420.0,16440.0,16445.0,1,2,1,4,2,1,1,1,1,1
20191128,16:43:30.0,2019-11-28 16:43:30,SN3M,LME,16400.0,0,89,0.0,16415.0,16460.0,16390.0,0.0,0.0,1.7976931348623157e+308,1.7976931348623157e+308,0.0,16375.0,16350.0,16325.0,16320.0,16315.0,16410.0,16415.0,16420.0,16440.0,16445.0,1,2,1,4,2,1,1,1,1,1
20191128,16:43:34.0,2019-11-28 16:43:34,SN3M,LME,16400.0,0,89,0.0,16415.0,16460.0,16390.0,0.0,0.0,1.7976931348623157e+308,1.7976931348623157e+308,0.0,16375.0,16350.0,16325.0,16320.0,16315.0,16415.0,16420.0,16440.0,16445.0,16450.0,1,2,1,4,2,1,1,1,2,1
20191128,16:43:40.0,2019-11-28 16:43:40,SN3M,LME,16400.0,0,89,0.0,16415.0,16460.0,16390.0,0.0,0.0,1.7976931348623157e+308,1.7976931348623157e+308,0.0,16375.0,16350.0,16325.0,16320.0,16315.0,16415.0,16420.0,16440.0,16445.0,16450.0,1,2,1,4,2,1,1,1,1,1
20191128,16:44:56.0,2019-11-28 16:44:56,SN3M,LME,16400.0,0,89,0.0,16415.0,16460.0,16390.0,0.0,0.0,1.7976931348623157e+308,1.7976931348623157e+308,0.0,16375.0,16350.0,16325.0,16320.0,16315.0,16400.0,16420.0,16440.0,16445.0,16450.0,1,2,1,4,2,2,1,1,1,1
20191128,16:45:02.0,2019-11-28 16:45:02,SN3M,LME,16400.0,0,89,0.0,16415.0,16460.0,16390.0,0.0,0.0,1.7976931348623157e+308,1.7976931348623157e+308,0.0,16375.0,16350.0,16325.0,16320.0,16315.0,16395.0,16415.0,16420.0,16440.0,16445.0,1,2,1,4,2,1,1,1,1,1
20191128,16:47:17.0,2019-11-28 16:47:17,SN3M,LME,16400.0,0,89,0.0,16415.0,16460.0,16390.0,0.0,0.0,1.7976931348623157e+308,1.7976931348623157e+308,0.0,16375.0,16350.0,16325.0,16320.0,16315.0,16395.0,16400.0,16420.0,16440.0,16445.0,1,2,1,4,2,2,2,1,2,1
20191128,16:47:49.0,2019-11-28 16:47:49,SN3M,LME,16400.0,0,89,0.0,16415.0,16460.0,16390.0,0.0,0.0,1.7976931348623157e+308,1.7976931348623157e+308,0.0,16375.0,16350.0,16325.0,16320.0,16315.0,16395.0,16400.0,16420.0,16440.0,16445.0,1,2,1,4,2,1,2,1,2,1
20191128,16:49:38.0,2019-11-28 16:49:38,SN3M,LME,16400.0,0,89,0.0,16415.0,16460.0,16390.0,0.0,0.0,1.7976931348623157e+308,1.7976931348623157e+308,0.0,16375.0,16350.0,16325.0,16320.0,16315.0,16390.0,16395.0,16400.0,16420.0,16440.0,1,2,1,4,2,1,1,2,1,2
20191128,16:51:54.0,2019-11-28 16:51:54,SN3M,LME,16400.0,0,89,0.0,16415.0,16460.0,16390.0,0.0,0.0,1.7976931348623157e+308,1.7976931348623157e+308,0.0,16375.0,16350.0,16325.0,16320.0,16315.0,16395.0,16395.0,16400.0,16420.0,16440.0,1,2,1,4,2,1,1,2,1,2
20191128,17:00:40.0,2019-11-28 17:00:40,SN3M,LME,16400.0,0,89,0.0,16415.0,16460.0,16390.0,0.0,0.0,1.7976931348623157e+308,1.7976931348623157e+308,0.0,16375.0,16350.0,16325.0,16320.0,16315.0,16390.0,16395.0,16400.0,16420.0,16440.0,1,2,1,4,1,1,1,2,1,2
20191128,17:06:16.0,2019-11-28 17:06:16,SN3M,LME,16400.0,0,89,0.0,16415.0,16460.0,16390.0,0.0,0.0,1.7976931348623157e+308,1.7976931348623157e+308,0.0,16375.0,16350.0,16325.0,16320.0,16315.0,16390.0,16395.0,16400.0,16420.0,16440.0,1,2,1,4,2,2,1,2,1,2
20191128,17:08:16.0,2019-11-28 17:08:16,SN3M,LME,16400.0,0,89,0.0,16415.0,16460.0,16390.0,0.0,0.0,1.7976931348623157e+308,1.7976931348623157e+308,0.0,16375.0,16350.0,16325.0,16320.0,16315.0,16390.0,16395.0,16400.0,16420.0,16440.0,1,2,1,4,2,1,1,2,1,2
20191128,17:08:18.0,2019-11-28 17:08:18,SN3M,LME,16400.0,0,89,0.0,16415.0,16460.0,16390.0,0.0,0.0,1.7976931348623157e+308,1.7976931348623157e+308,0.0,16375.0,16350.0,16325.0,16320.0,16315.0,16385.0,16395.0,16400.0,16420.0,16440.0,1,2,1,4,2,1,1,2,1,2
20191128,17:08:23.0,2019-11-28 17:08:23,SN3M,LME,16375.0,0,90,0.0,16415.0,16460.0,16375.0,0.0,0.0,1.7976931348623157e+308,1.7976931348623157e+308,0.0,16375.0,16350.0,16325.0,16320.0,16315.0,16385.0,16390.0,16395.0,16400.0,16420.0,1,2,1,4,2,1,1,1,2,1
20191128,17:10:18.0,2019-11-28 17:10:18,SN3M,LME,16375.0,0,90,0.0,16415.0,16460.0,16375.0,0.0,0.0,1.7976931348623157e+308,1.7976931348623157e+308,0.0,16375.0,16350.0,16325.0,16320.0,16315.0,16390.0,16395.0,16400.0,16420.0,16435.0,1,2,1,4,2,1,1,2,1,1
20191128,17:10:20.0,2019-11-28 17:10:20,SN3M,LME,16375.0,0,90,0.0,16415.0,16460.0,16375.0,0.0,0.0,1.7976931348623157e+308,1.7976931348623157e+308,0.0,16375.0,16350.0,16325.0,16320.0,16315.0,16380.0,16390.0,16395.0,16400.0,16420.0,1,2,1,4,2,1,1,1,2,1
20191128,17:10:23.0,2019-11-28 17:10:23,SN3M,LME,16380.0,0,91,0.0,16415.0,16460.0,16375.0,0.0,0.0,1.7976931348623157e+308,1.7976931348623157e+308,0.0,16375.0,16350.0,16325.0,16320.0,16315.0,16380.0,16390.0,16395.0,16400.0,16420.0,1,2,1,4,2,1,1,1,2,1
20191128,17:12:58.0,2019-11-28 17:12:58,SN3M,LME,16375.0,0,92,0.0,16415.0,16460.0,16375.0,0.0,0.0,1.7976931348623157e+308,1.7976931348623157e+308,0.0,16375.0,16350.0,16325.0,16320.0,16315.0,16390.0,16395.0,16400.0,16420.0,16435.0,1,2,1,4,2,1,1,2,1,1
20191128,17:13:07.0,2019-11-28 17:13:07,SN3M,LME,16375.0,0,93,0.0,16415.0,16460.0,16375.0,0.0,0.0,1.7976931348623157e+308,1.7976931348623157e+308,0.0,16375.0,16350.0,16325.0,16320.0,16315.0,16390.0,16395.0,16400.0,16420.0,16435.0,1,2,1,4,2,1,1,2,1,1
20191128,17:35:31.0,2019-11-28 17:35:31,SN3M,LME,16375.0,0,94,0.0,16415.0,16460.0,16375.0,0.0,0.0,1.7976931348623157e+308,1.7976931348623157e+308,0.0,16375.0,16350.0,16325.0,16320.0,16315.0,16395.0,16400.0,16420.0,16435.0,16440.0,1,2,2,4,11,1,2,1,1,1
20191128,17:59:53.0,2019-11-28 17:59:53,SN3M,LME,16375.0,0,94,0.0,16415.0,16460.0,16375.0,0.0,0.0,1.7976931348623157e+308,1.7976931348623157e+308,0.0,16375.0,16350.0,16325.0,16320.0,16315.0,16395.0,16400.0,16420.0,16435.0,16440.0,3,2,3,4,11,1,2,1,1,1
20191128,18:00:02.0,2019-11-28 18:00:02,SN3M,LME,16375.0,0,94,0.0,16415.0,16460.0,16375.0,0.0,0.0,1.7976931348623157e+308,1.7976931348623157e+308,0.0,16375.0,16350.0,16325.0,16320.0,16315.0,16400.0,16420.0,16435.0,16440.0,16445.0,3,2,3,4,11,2,1,1,1,1
20191128,18:00:10.0,2019-11-28 18:00:10,SN3M,LME,16375.0,0,94,0.0,16415.0,16460.0,16375.0,0.0,0.0,1.7976931348623157e+308,1.7976931348623157e+308,0.0,16380.0,16350.0,16325.0,16320.0,16315.0,16400.0,16420.0,16435.0,16440.0,16445.0,2,2,3,4,11,2,1,1,1,1
20191128,18:00:17.0,2019-11-28 18:00:17,SN3M,LME,16375.0,0,94,0.0,16415.0,16460.0,16375.0,0.0,0.0,1.7976931348623157e+308,1.7976931348623157e+308,0.0,16380.0,16375.0,16350.0,16325.0,16320.0,16400.0,16420.0,16440.0,16445.0,16450.0,1,3,2,3,4,2,1,1,1,2
20191128,18:03:47.0,2019-11-28 18:03:47,SN3M,LME,16380.0,0,95,0.0,16415.0,16460.0,16375.0,0.0,0.0,1.7976931348623157e+308,1.7976931348623157e+308,0.0,16380.0,16375.0,16350.0,16325.0,16320.0,16400.0,16420.0,16440.0,16445.0,16450.0,1,3,2,3,4,2,1,1,1,2
20191128,18:09:23.0,2019-11-28 18:09:23,SN3M,LME,16380.0,0,95,0.0,16415.0,16460.0,16375.0,0.0,0.0,1.7976931348623157e+308,1.7976931348623157e+308,0.0,16380.0,16375.0,16350.0,16325.0,16320.0,16395.0,16420.0,16440.0,16445.0,16450.0,1,3,2,3,4,1,1,1,1,2
20191128,18:09:46.0,2019-11-28 18:09:46,SN3M,LME,16380.0,0,95,0.0,16415.0,16460.0,16375.0,0.0,0.0,1.7976931348623157e+308,1.7976931348623157e+308,0.0,16375.0,16350.0,16325.0,16320.0,16315.0,16400.0,16420.0,16440.0,16445.0,16450.0,3,2,3,4,11,2,1,2,1,2
20191128,18:23:00.0,2019-11-28 18:23:00,SN3M,LME,16350.0,0,102,0.0,16415.0,16460.0,16350.0,0.0,0.0,1.7976931348623157e+308,1.7976931348623157e+308,0.0,16345.0,16340.0,16325.0,16320.0,16315.0,16390.0,16395.0,16400.0,16440.0,16445.0,1,1,2,4,11,1,1,2,1,1
20191128,18:23:14.0,2019-11-28 18:23:14,SN3M,LME,16350.0,0,102,0.0,16415.0,16460.0,16350.0,0.0,0.0,1.7976931348623157e+308,1.7976931348623157e+308,0.0,16340.0,16325.0,16320.0,16315.0,16310.0,16385.0,16400.0,16440.0,16445.0,16450.0,1,2,4,11,1,2,2,1,1,2
20191128,18:23:20.0,2019-11-28 18:23:20,SN3M,LME,16350.0,0,102,0.0,16415.0,16460.0,16350.0,0.0,0.0,1.7976931348623157e+308,1.7976931348623157e+308,0.0,16340.0,16330.0,16325.0,16320.0,16315.0,16380.0,16385.0,16395.0,16400.0,16440.0,1,2,2,4,11,1,1,1,2,1
20191128,18:23:26.0,2019-11-28 18:23:26,SN3M,LME,16350.0,0,102,0.0,16415.0,16460.0,16350.0,0.0,0.0,1.7976931348623157e+308,1.7976931348623157e+308,0.0,16345.0,16330.0,16325.0,16320.0,16315.0,16380.0,16385.0,16395.0,16400.0,16440.0,1,2,2,4,11,1,1,1,2,1
20191128,18:23:30.0,2019-11-28 18:23:30,SN3M,LME,16350.0,0,102,0.0,16415.0,16460.0,16350.0,0.0,0.0,1.7976931348623157e+308,1.7976931348623157e+308,0.0,16335.0,16330.0,16325.0,16320.0,16315.0,16385.0,16385.0,16400.0,16440.0,16445.0,1,1,2,5,11,1,1,2,1,1
20191128,18:23:31.0,2019-11-28 18:23:31,SN3M,LME,16350.0,0,102,0.0,16415.0,16460.0,16350.0,0.0,0.0,1.7976931348623157e+308,1.7976931348623157e+308,0.0,16330.0,16325.0,16320.0,16315.0,16290.0,16385.0,16390.0,16400.0,16440.0,16445.0,1,2,5,11,1,2,1,2,1,1
20191128,18:23:32.0,2019-11-28 18:23:32,SN3M,LME,16350.0,0,102,0.0,16415.0,16460.0,16350.0,0.0,0.0,1.7976931348623157e+308,1.7976931348623157e+308,0.0,16330.0,16325.0,16320.0,16315.0,16290.0,16385.0,16390.0,16400.0,16440.0,16445.0,2,2,5,11,1,2,1,2,1,1
20191128,18:23:33.0,2019-11-28 18:23:33,SN3M,LME,16350.0,0,102,0.0,16415.0,16460.0,16350.0,0.0,0.0,1.7976931348623157e+308,1.7976931348623157e+308,0.0,16335.0,16330.0,16325.0,16320.0,16315.0,16375.0,16380.0,16395.0,16400.0,16440.0,1,1,2,4,11,1,1,1,2,1
20191128,18:23:34.0,2019-11-28 18:23:34,SN3M,LME,16350.0,0,102,0.0,16415.0,16460.0,16350.0,0.0,0.0,1.7976931348623157e+308,1.7976931348623157e+308,0.0,16335.0,16325.0,16320.0,16315.0,16290.0,16380.0,16395.0,16400.0,16440.0,16445.0,2,2,4,11,1,1,1,2,1,1
20191128,18:23:35.0,2019-11-28 18:23:35,SN3M,LME,16350.0,0,102,0.0,16415.0,16460.0,16350.0,0.0,0.0,1.7976931348623157e+308,1.7976931348623157e+308,0.0,16335.0,16325.0,16320.0,16315.0,16290.0,16370.0,16395.0,16400.0,16440.0,16445.0,1,2,4,11,1,1,1,2,1,1
20191128,18:23:37.0,2019-11-28 18:23:37,SN3M,LME,16350.0,0,102,0.0,16415.0,16460.0,16350.0,0.0,0.0,1.7976931348623157e+308,1.7976931348623157e+308,0.0,16340.0,16325.0,16320.0,16315.0,16290.0,16375.0,16380.0,16395.0,16400.0,16440.0,1,2,4,11,1,1,1,1,2,1
20191128,18:23:39.0,2019-11-28 18:23:39,SN3M,LME,16350.0,0,102,0.0,16415.0,16460.0,16350.0,0.0,0.0,1.7976931348623157e+308,1.7976931348623157e+308,0.0,16335.0,16325.0,16320.0,16315.0,16290.0,16385.0,16390.0,16400.0,16440.0,16445.0,1,2,4,11,1,2,1,2,1,1
20191128,18:23:40.0,2019-11-28 18:23:40,SN3M,LME,16350.0,0,102,0.0,16415.0,16460.0,16350.0,0.0,0.0,1.7976931348623157e+308,1.7976931348623157e+308,0.0,16335.0,16325.0,16320.0,16315.0,16290.0,16380.0,16385.0,16390.0,16400.0,16440.0,1,2,4,11,1,1,1,1,2,1
20191128,18:23:41.0,2019-11-28 18:23:41,SN3M,LME,16345.0,0,104,0.0,16415.0,16460.0,16345.0,0.0,0.0,1.7976931348623157e+308,1.7976931348623157e+308,0.0,16345.0,16325.0,16320.0,16315.0,16290.0,16385.0,16390.0,16400.0,16440.0,16445.0,1,2,4,11,1,1,1,2,1,1
20191128,18:23:43.0,2019-11-28 18:23:43,SN3M,LME,16345.0,0,104,0.0,16415.0,16460.0,16345.0,0.0,0.0,1.7976931348623157e+308,1.7976931348623157e+308,0.0,16330.0,16325.0,16320.0,16315.0,16290.0,16380.0,16390.0,16400.0,16440.0,16445.0,2,3,4,11,1,1,1,2,1,1
20191128,18:23:45.0,2019-11-28 18:23:45,SN3M,LME,16345.0,0,104,0.0,16415.0,16460.0,16345.0,0.0,0.0,1.7976931348623157e+308,1.7976931348623157e+308,0.0,16340.0,16335.0,16325.0,16320.0,16315.0,16385.0,16390.0,16400.0,16440.0,16445.0,1,1,2,4,11,1,1,2,1,1
20191128,18:23:49.0,2019-11-28 18:23:49,SN3M,LME,16345.0,0,104,0.0,16415.0,16460.0,16345.0,0.0,0.0,1.7976931348623157e+308,1.7976931348623157e+308,0.0,16335.0,16330.0,16325.0,16320.0,16315.0,16380.0,16385.0,16390.0,16400.0,16440.0,1,1,2,4,11,1,1,1,2,1
20191128,18:23:52.0,2019-11-28 18:23:52,SN3M,LME,16345.0,0,104,0.0,16415.0,16460.0,16345.0,0.0,0.0,1.7976931348623157e+308,1.7976931348623157e+308,0.0,16345.0,16330.0,16325.0,16320.0,16315.0,16380.0,16385.0,16390.0,16400.0,16440.0,1,1,3,4,11,1,1,1,2,1
20191128,18:23:53.0,2019-11-28 18:23:53,SN3M,LME,16345.0,0,104,0.0,16415.0,16460.0,16345.0,0.0,0.0,1.7976931348623157e+308,1.7976931348623157e+308,0.0,16335.0,16330.0,16325.0,16320.0,16315.0,16380.0,16385.0,16390.0,16400.0,16440.0,2,1,2,1,11,1,1,1,2,1
20191128,18:23:55.0,2019-11-28 18:23:55,SN3M,LME,16345.0,0,104,0.0,16415.0,16460.0,16345.0,0.0,0.0,1.7976931348623157e+308,1.7976931348623157e+308,0.0,16340.0,16330.0,16325.0,16320.0,16315.0,16380.0,16385.0,16390.0,16400.0,16440.0,1,1,2,1,11,1,1,1,2,1
20191128,18:23:57.0,2019-11-28 18:23:57,SN3M,LME,16345.0,0,104,0.0,16415.0,16460.0,16345.0,0.0,0.0,1.7976931348623157e+308,1.7976931348623157e+308,0.0,16345.0,16340.0,16330.0,16325.0,16320.0,16380.0,16385.0,16390.0,16400.0,16440.0,1,1,1,2,1,1,1,1,2,1
20191128,18:23:58.0,2019-11-28 18:23:58,SN3M,LME,16345.0,0,104,0.0,16415.0,16460.0,16345.0,0.0,0.0,1.7976931348623157e+308,1.7976931348623157e+308,0.0,16330.0,16325.0,16320.0,16315.0,16290.0,16380.0,16385.0,16390.0,16400.0,16440.0,1,4,1,11,1,1,1,1,2,1
20191128,18:24:01.0,2019-11-28 18:24:01,SN3M,LME,16345.0,0,104,0.0,16415.0,16460.0,16345.0,0.0,0.0,1.7976931348623157e+308,1.7976931348623157e+308,0.0,16340.0,16330.0,16325.0,16320.0,16315.0,16385.0,16390.0,16400.0,16440.0,16445.0,1,1,3,1,11,1,1,2,1,1
20191128,18:24:34.0,2019-11-28 18:24:34,SN3M,LME,16345.0,0,104,0.0,16415.0,16460.0,16345.0,0.0,0.0,1.7976931348623157e+308,1.7976931348623157e+308,0.0,16330.0,16325.0,16320.0,16315.0,16290.0,16380.0,16385.0,16390.0,16400.0,16440.0,2,2,1,12,1,1,1,1,2,1
20191128,18:24:37.0,2019-11-28 18:24:37,SN3M,LME,16345.0,0,104,0.0,16415.0,16460.0,16345.0,0.0,0.0,1.7976931348623157e+308,1.7976931348623157e+308,0.0,16340.0,16330.0,16325.0,16320.0,16315.0,16380.0,16385.0,16390.0,16400.0,16440.0,1,1,1,1,13,1,1,1,2,1
20191128,18:24:40.0,2019-11-28 18:24:40,SN3M,LME,16345.0,0,104,0.0,16415.0,16460.0,16345.0,0.0,0.0,1.7976931348623157e+308,1.7976931348623157e+308,0.0,16345.0,16340.0,16330.0,16325.0,16320.0,16380.0,16385.0,16390.0,16400.0,16440.0,1,1,1,2,1,1,1,1,2,1
20191128,18:24:41.0,2019-11-28 18:24:41,SN3M,LME,16345.0,0,104,0.0,16415.0,16460.0,16345.0,0.0,0.0,1.7976931348623157e+308,1.7976931348623157e+308,0.0,16350.0,16340.0,16330.0,16325.0,16320.0,16380.0,16385.0,16390.0,16400.0,16440.0,1,1,1,2,1,1,1,1,2,1
20191128,18:24:45.0,2019-11-28 18:24:45,SN3M,LME,16345.0,0,104,0.0,16415.0,16460.0,16345.0,0.0,0.0,1.7976931348623157e+308,1.7976931348623157e+308,0.0,16340.0,16335.0,16330.0,16325.0,16320.0,16380.0,16385.0,16390.0,16400.0,16440.0,1,1,1,2,2,1,1,1,2,1
20191128,18:24:48.0,2019-11-28 18:24:48,SN3M,LME,16345.0,0,104,0.0,16415.0,16460.0,16345.0,0.0,0.0,1.7976931348623157e+308,1.7976931348623157e+308,0.0,16345.0,16335.0,16330.0,16325.0,16320.0,16385.0,16390.0,16400.0,16440.0,16445.0,1,1,1,2,2,1,1,2,1,1
20191128,18:25:04.0,2019-11-28 18:25:04,SN3M,LME,16345.0,0,104,0.0,16415.0,16460.0,16345.0,0.0,0.0,1.7976931348623157e+308,1.7976931348623157e+308,0.0,16325.0,16320.0,16315.0,16310.0,16290.0,16385.0,16390.0,16400.0,16440.0,16445.0,4,1,12,1,1,2,1,2,1,1
20191128,18:25:06.0,2019-11-28 18:25:06,SN3M,LME,16345.0,0,104,0.0,16415.0,16460.0,16345.0,0.0,0.0,1.7976931348623157e+308,1.7976931348623157e+308,0.0,16330.0,16325.0,16320.0,16315.0,16290.0,16380.0,16385.0,16390.0,16400.0,16440.0,1,3,1,12,1,1,1,1,2,1
20191128,18:25:08.0,2019-11-28 18:25:08,SN3M,LME,16345.0,0,104,0.0,16415.0,16460.0,16345.0,0.0,0.0,1.7976931348623157e+308,1.7976931348623157e+308,0.0,16340.0,16325.0,16320.0,16315.0,16290.0,16380.0,16385.0,16390.0,16400.0,16440.0,1,3,1,12,1,1,1,1,2,1
20191128,18:25:11.0,2019-11-28 18:25:11,SN3M,LME,16345.0,0,104,0.0,16415.0,16460.0,16345.0,0.0,0.0,1.7976931348623157e+308,1.7976931348623157e+308,0.0,16340.0,16330.0,16325.0,16320.0,16315.0,16380.0,16385.0,16390.0,16400.0,16440.0,1,1,3,1,11,1,1,1,2,1
20191128,18:25:56.0,2019-11-28 18:25:56,SN3M,LME,16340.0,0,105,0.0,16415.0,16460.0,16340.0,0.0,0.0,1.7976931348623157e+308,1.7976931348623157e+308,0.0,16340.0,16330.0,16325.0,16320.0,16315.0,16380.0,16385.0,16390.0,16400.0,16440.0,1,1,3,1,11,1,1,1,2,1
20191128,18:26:02.0,2019-11-28 18:26:02,SN3M,LME,16340.0,0,105,0.0,16415.0,16460.0,16340.0,0.0,0.0,1.7976931348623157e+308,1.7976931348623157e+308,0.0,16340.0,16330.0,16325.0,16320.0,16315.0,16380.0,16385.0,16390.0,16400.0,16440.0,1,1,3,1,11,2,1,1,2,1
20191128,18:26:03.0,2019-11-28 18:26:03,SN3M,LME,16340.0,0,105,0.0,16415.0,16460.0,16340.0,0.0,0.0,1.7976931348623157e+308,1.7976931348623157e+308,0.0,16330.0,16325.0,16320.0,16315.0,16300.0,16375.0,16380.0,16385.0,16390.0,16400.0,1,4,1,11,1,1,1,1,1,2
20191128,18:26:17.0,2019-11-28 18:26:17,SN3M,LME,16340.0,0,105,0.0,16415.0,16460.0,16340.0,0.0,0.0,1.7976931348623157e+308,1.7976931348623157e+308,0.0,16340.0,16320.0,16315.0,16300.0,16290.0,16380.0,16390.0,16400.0,16435.0,16440.0,1,1,11,1,1,1,1,2,1,1
20191128,18:26:18.0,2019-11-28 18:26:18,SN3M,LME,16340.0,0,105,0.0,16415.0,16460.0,16340.0,0.0,0.0,1.7976931348623157e+308,1.7976931348623157e+308,0.0,16335.0,16325.0,16320.0,16315.0,16300.0,16380.0,16390.0,16395.0,16400.0,16440.0,1,3,1,11,1,1,1,1,2,1
20191128,18:26:24.0,2019-11-28 18:26:24,SN3M,LME,16340.0,0,105,0.0,16415.0,16460.0,16340.0,0.0,0.0,1.7976931348623157e+308,1.7976931348623157e+308,0.0,16335.0,16325.0,16320.0,16315.0,16300.0,16380.0,16390.0,16400.0,16435.0,16440.0,1,3,1,11,1,2,1,2,1,1
20191128,18:26:32.0,2019-11-28 18:26:32,SN3M,LME,16340.0,0,105,0.0,16415.0,16460.0,16340.0,0.0,0.0,1.7976931348623157e+308,1.7976931348623157e+308,0.0,16335.0,16325.0,16320.0,16315.0,16300.0,16375.0,16380.0,16385.0,16390.0,16400.0,1,2,1,12,1,1,1,1,1,2
20191128,18:26:52.0,2019-11-28 18:26:52,SN3M,LME,16340.0,0,105,0.0,16415.0,16460.0,16340.0,0.0,0.0,1.7976931348623157e+308,1.7976931348623157e+308,0.0,16340.0,16335.0,16325.0,16320.0,16315.0,16380.0,16380.0,16390.0,16395.0,16400.0,1,1,1,1,12,1,1,1,1,2
20191128,18:26:59.0,2019-11-28 18:26:59,SN3M,LME,16340.0,0,105,0.0,16415.0,16460.0,16340.0,0.0,0.0,1.7976931348623157e+308,1.7976931348623157e+308,0.0,16335.0,16335.0,16325.0,16320.0,16315.0,16380.0,16385.0,16390.0,16400.0,16440.0,1,1,2,1,12,2,1,1,2,1
20191128,18:27:02.0,2019-11-28 18:27:02,SN3M,LME,16340.0,0,105,0.0,16415.0,16460.0,16340.0,0.0,0.0,1.7976931348623157e+308,1.7976931348623157e+308,0.0,16340.0,16335.0,16325.0,16320.0,16315.0,16375.0,16380.0,16385.0,16390.0,16400.0,1,1,2,1,12,1,1,2,1,2
20191128,18:27:07.0,2019-11-28 18:27:07,SN3M,LME,16340.0,0,105,0.0,16415.0,16460.0,16340.0,0.0,0.0,1.7976931348623157e+308,1.7976931348623157e+308,0.0,16345.0,16335.0,16325.0,16320.0,16315.0,16380.0,16390.0,16395.0,16400.0,16440.0,1,1,2,1,12,2,1,1,2,1
20191128,18:27:20.0,2019-11-28 18:27:20,SN3M,LME,16340.0,0,105,0.0,16415.0,16460.0,16340.0,0.0,0.0,1.7976931348623157e+308,1.7976931348623157e+308,0.0,16335.0,16325.0,16320.0,16315.0,16300.0,16380.0,16380.0,16400.0,16435.0,16440.0,1,4,1,12,1,1,1,2,1,1
20191128,18:27:23.0,2019-11-28 18:27:23,SN3M,LME,16340.0,0,105,0.0,16415.0,16460.0,16340.0,0.0,0.0,1.7976931348623157e+308,1.7976931348623157e+308,0.0,16325.0,16320.0,16315.0,16300.0,16290.0,16375.0,16380.0,16385.0,16400.0,16440.0,4,1,12,1,1,1,1,1,2,1
20191128,18:27:29.0,2019-11-28 18:27:29,SN3M,LME,16340.0,0,105,0.0,16415.0,16460.0,16340.0,0.0,0.0,1.7976931348623157e+308,1.7976931348623157e+308,0.0,16335.0,16320.0,16315.0,16300.0,16290.0,16375.0,16380.0,16385.0,16400.0,16440.0,1,1,12,1,1,1,2,1,2,1
20191128,18:27:35.0,2019-11-28 18:27:35,SN3M,LME,16340.0,0,105,0.0,16415.0,16460.0,16340.0,0.0,0.0,1.7976931348623157e+308,1.7976931348623157e+308,0.0,16335.0,16330.0,16325.0,16320.0,16315.0,16380.0,16385.0,16400.0,16440.0,16445.0,2,1,1,1,12,2,1,2,1,1
20191128,18:27:48.0,2019-11-28 18:27:48,SN3M,LME,16340.0,0,105,0.0,16415.0,16460.0,16340.0,0.0,0.0,1.7976931348623157e+308,1.7976931348623157e+308,0.0,16335.0,16330.0,16325.0,16320.0,16315.0,16375.0,16380.0,16400.0,16420.0,16425.0,2,1,1,1,12,1,1,2,1,6
20191128,18:27:51.0,2019-11-28 18:27:51,SN3M,LME,16340.0,0,105,0.0,16415.0,16460.0,16340.0,0.0,0.0,1.7976931348623157e+308,1.7976931348623157e+308,0.0,16335.0,16330.0,16325.0,16320.0,16315.0,16375.0,16385.0,16390.0,16400.0,16425.0,2,1,1,1,12,1,1,1,2,6
20191128,18:28:01.0,2019-11-28 18:28:01,SN3M,LME,16340.0,0,105,0.0,16415.0,16460.0,16340.0,0.0,0.0,1.7976931348623157e+308,1.7976931348623157e+308,0.0,16335.0,16325.0,16320.0,16315.0,16300.0,16375.0,16385.0,16390.0,16400.0,16425.0,1,2,1,12,1,1,1,1,2,6
20191128,18:31:12.0,2019-11-28 18:31:12,SN3M,LME,16340.0,0,105,0.0,16415.0,16460.0,16340.0,0.0,0.0,1.7976931348623157e+308,1.7976931348623157e+308,0.0,16340.0,16325.0,16320.0,16315.0,16300.0,16375.0,16385.0,16390.0,16400.0,16425.0,1,2,1,12,1,1,1,1,2,6
20191128,18:32:24.0,2019-11-28 18:32:24,SN3M,LME,16340.0,0,105,0.0,16415.0,16460.0,16340.0,0.0,0.0,1.7976931348623157e+308,1.7976931348623157e+308,0.0,16325.0,16320.0,16315.0,16300.0,16290.0,16375.0,16385.0,16390.0,16400.0,16425.0,2,1,13,1,1,1,1,1,2,6
20191128,18:32:25.0,2019-11-28 18:32:25,SN3M,LME,16340.0,0,105,0.0,16415.0,16460.0,16340.0,0.0,0.0,1.7976931348623157e+308,1.7976931348623157e+308,0.0,16325.0,16325.0,16320.0,16315.0,16300.0,16380.0,16385.0,16390.0,16400.0,16425.0,2,2,1,13,1,2,1,1,2,6
20191128,18:32:44.0,2019-11-28 18:32:44,SN3M,LME,16340.0,0,105,0.0,16415.0,16460.0,16340.0,0.0,0.0,1.7976931348623157e+308,1.7976931348623157e+308,0.0,16335.0,16320.0,16315.0,16300.0,16290.0,16380.0,16385.0,16390.0,16400.0,16425.0,1,1,13,1,1,2,1,1,2,6
20191128,18:37:21.0,2019-11-28 18:37:21,SN3M,LME,16340.0,0,105,0.0,16415.0,16460.0,16340.0,0.0,0.0,1.7976931348623157e+308,1.7976931348623157e+308,0.0,16335.0,16325.0,16320.0,16315.0,16300.0,16380.0,16385.0,16390.0,16400.0,16425.0,1,2,1,12,1,2,1,1,2,6
20191128,18:46:20.0,2019-11-28 18:46:20,SN3M,LME,16340.0,0,105,0.0,16415.0,16460.0,16340.0,0.0,0.0,1.7976931348623157e+308,1.7976931348623157e+308,0.0,16335.0,16325.0,16320.0,16315.0,16300.0,16375.0,16380.0,16390.0,16400.0,16420.0,1,2,1,12,1,2,1,1,2,1
20191128,18:46:22.0,2019-11-28 18:46:22,SN3M,LME,16340.0,0,105,0.0,16415.0,16460.0,16340.0,0.0,0.0,1.7976931348623157e+308,1.7976931348623157e+308,0.0,16335.0,16325.0,16320.0,16315.0,16300.0,16375.0,16380.0,16390.0,16400.0,16420.0,1,2,1,12,1,1,1,1,2,1
20191128,18:46:26.0,2019-11-28 18:46:26,SN3M,LME,16340.0,0,105,0.0,16415.0,16460.0,16340.0,0.0,0.0,1.7976931348623157e+308,1.7976931348623157e+308,0.0,16335.0,16325.0,16320.0,16315.0,16300.0,16370.0,16380.0,16390.0,16400.0,16420.0,1,2,1,12,1,1,1,1,2,1
20191128,18:46:28.0,2019-11-28 18:46:28,SN3M,LME,16340.0,0,105,0.0,16415.0,16460.0,16340.0,0.0,0.0,1.7976931348623157e+308,1.7976931348623157e+308,0.0,16335.0,16325.0,16320.0,16315.0,16300.0,16370.0,16380.0,16390.0,16395.0,16400.0,1,2,1,12,1,1,1,1,1,2
20191128,18:46:40.0,2019-11-28 18:46:40,SN3M,LME,16340.0,0,105,0.0,16415.0,16460.0,16340.0,0.0,0.0,1.7976931348623157e+308,1.7976931348623157e+308,0.0,16335.0,16325.0,16320.0,16315.0,16300.0,16360.0,16375.0,16380.0,16390.0,16400.0,1,2,1,12,1,1,1,1,1,2
20191128,18:46:41.0,2019-11-28 18:46:41,SN3M,LME,16340.0,0,105,0.0,16415.0,16460.0,16340.0,0.0,0.0,1.7976931348623157e+308,1.7976931348623157e+308,0.0,16335.0,16325.0,16320.0,16315.0,16300.0,16360.0,16380.0,16390.0,16400.0,16420.0,1,2,1,12,1,1,1,1,2,1
20191128,19:03:42.0,2019-11-28 19:03:42,SN3M,LME,16340.0,0,105,0.0,16415.0,16460.0,16340.0,0.0,0.0,1.7976931348623157e+308,1.7976931348623157e+308,0.0,16335.0,16325.0,16320.0,16315.0,16300.0,16360.0,16375.0,16380.0,16390.0,16400.0,1,2,1,12,1,2,1,1,1,2
20191128,19:03:42.0,2019-11-28 19:03:42,SN3M,LME,16340.0,0,105,0.0,16415.0,16460.0,16340.0,0.0,0.0,1.7976931348623157e+308,1.7976931348623157e+308,0.0,16335.0,16325.0,16320.0,16315.0,16300.0,16360.0,16375.0,16380.0,16390.0,16400.0,1,2,1,12,1,2,1,1,1,2
20191128,19:03:42.0,2019-11-28 19:03:42,SN3M,LME,16340.0,0,105,0.0,16415.0,16460.0,16340.0,0.0,0.0,1.7976931348623157e+308,1.7976931348623157e+308,0.0,16335.0,16325.0,16320.0,16315.0,16300.0,16360.0,16375.0,16380.0,16390.0,16400.0,1,2,1,12,1,2,1,1,1,2
20191128,19:11:39.0,2019-11-28 19:11:39,SN3M,LME,16340.0,0,105,0.0,16415.0,16460.0,16340.0,0.0,0.0,1.7976931348623157e+308,1.7976931348623157e+308,0.0,16340.0,16325.0,16320.0,16315.0,16300.0,16360.0,16375.0,16380.0,16390.0,16400.0,1,2,4,12,1,2,1,1,1,2
20191128,19:12:05.0,2019-11-28 19:12:05,SN3M,LME,16340.0,0,105,0.0,16415.0,16460.0,16340.0,0.0,0.0,1.7976931348623157e+308,1.7976931348623157e+308,0.0,16345.0,16325.0,16320.0,16315.0,16300.0,16360.0,16365.0,16380.0,16390.0,16395.0,1,3,4,12,1,2,1,1,1,1
20191128,19:12:25.0,2019-11-28 19:12:25,SN3M,LME,16340.0,0,105,0.0,16415.0,16460.0,16340.0,0.0,0.0,1.7976931348623157e+308,1.7976931348623157e+308,0.0,16340.0,16340.0,16325.0,16320.0,16315.0,16360.0,16365.0,16380.0,16390.0,16395.0,1,1,2,4,12,2,1,1,1,1
20191128,19:12:59.0,2019-11-28 19:12:59,SN3M,LME,16340.0,0,105,0.0,16415.0,16460.0,16340.0,0.0,0.0,1.7976931348623157e+308,1.7976931348623157e+308,0.0,16345.0,16325.0,16320.0,16315.0,16300.0,16360.0,16365.0,16380.0,16390.0,16395.0,1,3,4,12,1,2,1,1,1,1
20191128,19:25:05.0,2019-11-28 19:25:05,SN3M,LME,16355.0,0,106,0.0,16415.0,16460.0,16340.0,0.0,0.0,1.7976931348623157e+308,1.7976931348623157e+308,0.0,16345.0,16340.0,16325.0,16320.0,16315.0,16370.0,16375.0,16390.0,16400.0,16425.0,1,1,2,4,12,1,4,1,2,6
20191128,19:25:06.0,2019-11-28 19:25:06,SN3M,LME,16355.0,0,106,0.0,16415.0,16460.0,16340.0,0.0,0.0,1.7976931348623157e+308,1.7976931348623157e+308,0.0,16345.0,16340.0,16325.0,16320.0,16315.0,16375.0,16390.0,16400.0,16425.0,16440.0,1,1,2,4,12,3,1,2,6,1
20191128,19:25:19.0,2019-11-28 19:25:19,SN3M,LME,16355.0,0,106,0.0,16415.0,16460.0,16340.0,0.0,0.0,1.7976931348623157e+308,1.7976931348623157e+308,0.0,16350.0,16340.0,16325.0,16320.0,16315.0,16390.0,16390.0,16400.0,16425.0,16435.0,1,1,3,4,12,1,1,2,6,1
20191128,19:25:27.0,2019-11-28 19:25:27,SN3M,LME,16355.0,0,106,0.0,16415.0,16460.0,16340.0,0.0,0.0,1.7976931348623157e+308,1.7976931348623157e+308,0.0,16340.0,16325.0,16320.0,16315.0,16300.0,16365.0,16390.0,16400.0,16425.0,16435.0,1,3,4,12,1,1,1,2,6,1
20191128,19:25:29.0,2019-11-28 19:25:29,SN3M,LME,16355.0,0,106,0.0,16415.0,16460.0,16340.0,0.0,0.0,1.7976931348623157e+308,1.7976931348623157e+308,0.0,16340.0,16325.0,16320.0,16315.0,16300.0,16365.0,16385.0,16390.0,16400.0,16425.0,1,3,4,12,1,2,1,1,2,6
20191128,19:25:39.0,2019-11-28 19:25:39,SN3M,LME,16355.0,0,106,0.0,16415.0,16460.0,16340.0,0.0,0.0,1.7976931348623157e+308,1.7976931348623157e+308,0.0,16340.0,16325.0,16320.0,16315.0,16300.0,16360.0,16390.0,16395.0,16400.0,16425.0,1,3,4,12,1,2,1,1,2,6
20191128,19:25:40.0,2019-11-28 19:25:40,SN3M,LME,16355.0,0,106,0.0,16415.0,16460.0,16340.0,0.0,0.0,1.7976931348623157e+308,1.7976931348623157e+308,0.0,16340.0,16325.0,16320.0,16315.0,16300.0,16360.0,16385.0,16390.0,16400.0,16425.0,1,3,4,12,1,2,1,1,2,6
20191128,19:29:59.0,2019-11-28 19:29:59,SN3M,LME,16355.0,0,106,0.0,16415.0,16460.0,16340.0,0.0,0.0,1.7976931348623157e+308,1.7976931348623157e+308,0.0,16350.0,16340.0,16325.0,16320.0,16315.0,16360.0,16365.0,16390.0,16395.0,16400.0,1,1,3,4,12,2,1,1,1,2
20191128,19:34:27.0,2019-11-28 19:34:27,SN3M,LME,16365.0,0,109,0.0,16415.0,16460.0,16340.0,0.0,0.0,1.7976931348623157e+308,1.7976931348623157e+308,0.0,16355.0,16350.0,16340.0,16325.0,16320.0,16380.0,16385.0,16390.0,16400.0,16425.0,1,1,1,3,4,1,2,1,2,6
20191128,19:34:39.0,2019-11-28 19:34:39,SN3M,LME,16365.0,0,109,0.0,16415.0,16460.0,16340.0,0.0,0.0,1.7976931348623157e+308,1.7976931348623157e+308,0.0,16355.0,16350.0,16340.0,16325.0,16320.0,16390.0,16400.0,16435.0,16440.0,16445.0,1,1,1,3,4,1,2,1,1,1
