date,time,datetime,symbol,exchange,lastPrice,lastVolume,volume,openInterest,openPrice,highPrice,lowPrice,preClosePrice,preSettlementPrice,upperLimit,lowerLimit,turnover,bidPrice1,bidPrice2,bidPrice3,bidPrice4,bidPrice5,askPrice1,askPrice2,askPrice3,askPrice4,askPrice5,bidVolume1,bidVolume2,bidVolume3,bidVolume4,bidVolume5,askVolume1,askVolume2,askVolume3,askVolume4,askVolume5
20191128,15:10:11.0,2019-11-28 15:10:11,ZS3M,LME,2291.5,0,808,0.0,2293.0,2308.0,2290.0,0.0,0.0,1.7976931348623157e+308,1.7976931348623157e+308,0.0,2293.5,2293.0,2292.0,2291.5,2291.0,2294.5,2295.0,2295.5,2296.0,2296.5,1,1,2,2,2,3,3,1,1,1
20191128,15:10:11.0,2019-11-28 15:10:11,ZS3M,LME,2291.5,0,808,0.0,2293.0,2308.0,2290.0,0.0,0.0,1.7976931348623157e+308,1.7976931348623157e+308,0.0,2293.5,2293.0,2292.0,2291.5,2291.0,2294.5,2295.0,2295.5,2296.0,2296.5,1,1,2,2,2,3,3,1,1,1
20191128,15:10:27.0,2019-11-28 15:10:27,ZS3M,LME,2294.5,0,809,0.0,2293.0,2308.0,2290.0,0.0,0.0,1.7976931348623157e+308,1.7976931348623157e+308,0.0,2294.0,2293.5,2293.0,2292.0,2291.5,2294.5,2295.0,2295.5,2296.0,2296.5,1,2,2,1,2,2,3,1,1,1
20191128,15:10:27.0,2019-11-28 15:10:27,ZS3M,LME,2295.0,0,811,0.0,2293.0,2308.0,2290.0,0.0,0.0,1.7976931348623157e+308,1.7976931348623157e+308,0.0,2294.5,2294.0,2293.5,2293.0,2292.0,2296.0,2296.5,2297.0,2297.5,2298.0,3,2,1,2,1,1,1,1,2,2
20191128,15:10:58.0,2019-11-28 15:10:58,ZS3M,LME,2295.0,0,811,0.0,2293.0,2308.0,2290.0,0.0,0.0,1.7976931348623157e+308,1.7976931348623157e+308,0.0,2295.0,2294.5,2294.0,2293.5,2293.0,2297.0,2297.0,2297.5,2298.0,2298.5,2,4,1,1,1,1,1,2,2,2
20191128,15:11:02.0,2019-11-28 15:11:02,ZS3M,LME,2295.0,0,811,0.0,2293.0,2308.0,2290.0,0.0,0.0,1.7976931348623157e+308,1.7976931348623157e+308,0.0,2295.5,2295.0,2294.5,2294.0,2293.5,2297.0,2297.5,2298.0,2298.5,2299.0,1,3,3,1,1,1,1,2,2,1
20191128,15:11:04.0,2019-11-28 15:11:04,ZS3M,LME,2295.0,0,811,0.0,2293.0,2308.0,2290.0,0.0,0.0,1.7976931348623157e+308,1.7976931348623157e+308,0.0,2295.5,2295.0,2294.5,2294.0,2293.5,2297.0,2297.5,2298.0,2298.5,2299.0,5,3,3,1,1,1,1,2,2,1
20191128,15:12:04.0,2019-11-28 15:12:04,ZS3M,LME,2297.0,0,812,0.0,2293.0,2308.0,2290.0,0.0,0.0,1.7976931348623157e+308,1.7976931348623157e+308,0.0,2295.5,2295.0,2294.5,2294.0,2293.5,2297.0,2297.5,2298.0,2298.5,2299.0,5,2,3,1,1,1,1,2,2,1
20191128,15:13:39.0,2019-11-28 15:13:39,ZS3M,LME,2297.0,0,812,0.0,2293.0,2308.0,2290.0,0.0,0.0,1.7976931348623157e+308,1.7976931348623157e+308,0.0,2295.5,2295.0,2294.5,2294.0,2293.5,2297.5,2298.0,2298.5,2299.0,2299.5,5,1,3,1,1,2,4,1,1,2
20191128,15:13:41.0,2019-11-28 15:13:41,ZS3M,LME,2297.0,0,812,0.0,2293.0,2308.0,2290.0,0.0,0.0,1.7976931348623157e+308,1.7976931348623157e+308,0.0,2295.5,2295.0,2294.5,2294.0,2293.5,2297.5,2298.0,2298.5,2299.0,2299.5,5,1,3,1,1,1,4,1,1,2
20191128,15:13:41.0,2019-11-28 15:13:41,ZS3M,LME,2297.0,0,812,0.0,2293.0,2308.0,2290.0,0.0,0.0,1.7976931348623157e+308,1.7976931348623157e+308,0.0,2295.5,2295.0,2294.5,2294.0,2293.5,2297.5,2298.0,2298.5,2299.0,2299.5,5,1,3,1,1,1,4,1,1,2
20191128,15:14:08.0,2019-11-28 15:14:08,ZS3M,LME,2297.0,0,812,0.0,2293.0,2308.0,2290.0,0.0,0.0,1.7976931348623157e+308,1.7976931348623157e+308,0.0,2295.5,2295.0,2294.5,2294.0,2293.5,2298.0,2298.5,2299.0,2299.5,2300.5,6,1,3,1,1,1,1,1,2,1
20191128,15:14:10.0,2019-11-28 15:14:10,ZS3M,LME,2297.0,0,812,0.0,2293.0,2308.0,2290.0,0.0,0.0,1.7976931348623157e+308,1.7976931348623157e+308,0.0,2295.5,2295.0,2294.5,2294.0,2293.5,2297.5,2298.0,2298.5,2299.0,2299.5,6,1,3,1,1,1,1,1,1,2
20191128,15:14:52.0,2019-11-28 15:14:52,ZS3M,LME,2297.5,0,813,0.0,2293.0,2308.0,2290.0,0.0,0.0,1.7976931348623157e+308,1.7976931348623157e+308,0.0,2296.5,2296.0,2295.5,2295.0,2294.5,2298.0,2298.5,2299.0,2299.5,2300.5,1,4,6,1,3,1,1,1,2,1
20191128,15:14:53.0,2019-11-28 15:14:53,ZS3M,LME,2297.5,0,813,0.0,2293.0,2308.0,2290.0,0.0,0.0,1.7976931348623157e+308,1.7976931348623157e+308,0.0,2296.5,2296.0,2295.5,2294.5,2293.5,2298.0,2298.5,2299.0,2299.5,2300.5,3,3,3,3,1,1,1,1,2,1
20191128,15:15:01.0,2019-11-28 15:15:01,ZS3M,LME,2297.5,0,813,0.0,2293.0,2308.0,2290.0,0.0,0.0,1.7976931348623157e+308,1.7976931348623157e+308,0.0,2296.5,2296.0,2295.5,2294.5,2293.5,2298.0,2298.5,2299.0,2299.5,2300.5,3,3,3,3,1,2,1,1,2,1
20191128,15:15:16.0,2019-11-28 15:15:16,ZS3M,LME,2296.5,0,815,0.0,2293.0,2308.0,2290.0,0.0,0.0,1.7976931348623157e+308,1.7976931348623157e+308,0.0,2294.5,2293.5,2293.0,2292.5,2292.0,2296.5,2297.0,2297.5,2298.0,2298.5,3,1,1,1,1,1,2,2,2,1
20191128,15:16:11.0,2019-11-28 15:16:11,ZS3M,LME,2296.5,0,815,0.0,2293.0,2308.0,2290.0,0.0,0.0,1.7976931348623157e+308,1.7976931348623157e+308,0.0,2294.5,2293.5,2293.0,2292.5,2292.0,2296.5,2297.0,2297.5,2298.0,2298.5,4,1,1,1,1,2,2,2,1,1
20191128,15:17:36.0,2019-11-28 15:17:36,ZS3M,LME,2294.5,0,816,0.0,2293.0,2308.0,2290.0,0.0,0.0,1.7976931348623157e+308,1.7976931348623157e+308,0.0,2294.5,2293.5,2293.0,2292.5,2292.0,2296.5,2297.0,2297.5,2298.0,2298.5,3,1,1,1,1,2,2,2,1,1
20191128,15:19:22.0,2019-11-28 15:19:22,ZS3M,LME,2294.5,0,816,0.0,2293.0,2308.0,2290.0,0.0,0.0,1.7976931348623157e+308,1.7976931348623157e+308,0.0,2294.5,2293.5,2293.0,2292.5,2292.0,2296.5,2297.0,2297.5,2298.0,2298.5,4,1,1,1,1,2,2,2,1,2
20191128,15:19:23.0,2019-11-28 15:19:23,ZS3M,LME,2294.5,0,816,0.0,2293.0,2308.0,2290.0,0.0,0.0,1.7976931348623157e+308,1.7976931348623157e+308,0.0,2295.0,2294.5,2293.5,2293.0,2292.5,2297.0,2297.5,2298.0,2298.5,2299.0,2,4,1,1,1,2,2,1,2,1
20191128,15:19:24.0,2019-11-28 15:19:24,ZS3M,LME,2294.5,0,816,0.0,2293.0,2308.0,2290.0,0.0,0.0,1.7976931348623157e+308,1.7976931348623157e+308,0.0,2295.0,2294.5,2293.5,2293.0,2292.5,2297.0,2297.5,2298.0,2298.5,2299.0,3,3,1,1,1,2,2,1,2,1
20191128,15:19:31.0,2019-11-28 15:19:31,ZS3M,LME,2294.5,0,816,0.0,2293.0,2308.0,2290.0,0.0,0.0,1.7976931348623157e+308,1.7976931348623157e+308,0.0,2295.0,2294.5,2293.5,2293.0,2292.5,2297.0,2297.5,2298.0,2298.5,2299.0,4,3,1,1,1,2,2,1,2,1
20191128,15:19:58.0,2019-11-28 15:19:58,ZS3M,LME,2294.5,0,816,0.0,2293.0,2308.0,2290.0,0.0,0.0,1.7976931348623157e+308,1.7976931348623157e+308,0.0,2295.0,2294.5,2293.5,2293.0,2292.5,2297.0,2297.5,2298.0,2298.5,2299.0,5,2,1,1,1,2,2,1,2,1
20191128,15:22:29.0,2019-11-28 15:22:29,ZS3M,LME,2294.5,0,816,0.0,2293.0,2308.0,2290.0,0.0,0.0,1.7976931348623157e+308,1.7976931348623157e+308,0.0,2295.0,2294.5,2293.5,2293.0,2292.5,2296.5,2297.0,2297.5,2298.0,2298.5,3,1,1,1,1,2,2,3,1,2
20191128,15:22:35.0,2019-11-28 15:22:35,ZS3M,LME,2295.0,0,817,0.0,2293.0,2308.0,2290.0,0.0,0.0,1.7976931348623157e+308,1.7976931348623157e+308,0.0,2295.0,2294.5,2293.5,2293.0,2292.5,2296.5,2297.0,2297.5,2298.0,2298.5,3,1,1,1,1,2,3,2,1,2
20191128,15:22:35.0,2019-11-28 15:22:35,ZS3M,LME,2295.0,0,821,0.0,2293.0,2308.0,2290.0,0.0,0.0,1.7976931348623157e+308,1.7976931348623157e+308,0.0,2295.0,2294.5,2293.5,2293.0,2292.5,2296.5,2297.0,2297.5,2298.0,2298.5,1,1,1,1,1,2,3,2,1,2
20191128,15:22:52.0,2019-11-28 15:22:52,ZS3M,LME,2295.0,0,821,0.0,2293.0,2308.0,2290.0,0.0,0.0,1.7976931348623157e+308,1.7976931348623157e+308,0.0,2295.0,2294.5,2293.5,2293.0,2292.5,2296.0,2296.5,2297.0,2297.5,2298.0,1,1,1,1,1,2,2,2,1,1
20191128,15:22:52.0,2019-11-28 15:22:52,ZS3M,LME,2295.0,0,822,0.0,2293.0,2308.0,2290.0,0.0,0.0,1.7976931348623157e+308,1.7976931348623157e+308,0.0,2294.5,2293.5,2293.0,2292.5,2292.0,2295.5,2296.0,2296.5,2297.0,2297.5,1,1,1,1,1,4,4,2,1,1
20191128,15:22:53.0,2019-11-28 15:22:53,ZS3M,LME,2295.0,0,822,0.0,2293.0,2308.0,2290.0,0.0,0.0,1.7976931348623157e+308,1.7976931348623157e+308,0.0,2294.5,2293.5,2293.0,2292.5,2292.0,2295.0,2295.5,2296.0,2296.5,2297.0,1,1,1,1,1,1,3,3,2,1
20191128,15:22:53.0,2019-11-28 15:22:53,ZS3M,LME,2294.5,0,823,0.0,2293.0,2308.0,2290.0,0.0,0.0,1.7976931348623157e+308,1.7976931348623157e+308,0.0,2293.5,2293.0,2292.5,2292.0,2291.5,2295.0,2295.5,2296.0,2296.5,2297.0,1,1,1,1,2,2,3,3,1,1
20191128,15:23:24.0,2019-11-28 15:23:24,ZS3M,LME,2293.5,0,824,0.0,2293.0,2308.0,2290.0,0.0,0.0,1.7976931348623157e+308,1.7976931348623157e+308,0.0,2293.0,2292.5,2292.0,2291.5,2291.0,2294.5,2295.0,2295.5,2296.0,2296.5,1,1,1,2,3,3,2,3,1,1
20191128,15:23:36.0,2019-11-28 15:23:36,ZS3M,LME,2294.5,0,825,0.0,2293.0,2308.0,2290.0,0.0,0.0,1.7976931348623157e+308,1.7976931348623157e+308,0.0,2293.0,2292.5,2292.0,2291.5,2291.0,2294.5,2295.0,2295.5,2296.0,2296.5,1,1,1,2,3,3,2,3,1,1
20191128,15:23:48.0,2019-11-28 15:23:48,ZS3M,LME,2294.5,0,825,0.0,2293.0,2308.0,2290.0,0.0,0.0,1.7976931348623157e+308,1.7976931348623157e+308,0.0,2293.5,2293.0,2292.5,2292.0,2291.5,2295.0,2295.5,2296.0,2296.5,2297.0,2,1,1,1,2,2,3,1,1,1
20191128,15:23:56.0,2019-11-28 15:23:56,ZS3M,LME,2294.5,0,825,0.0,2293.0,2308.0,2290.0,0.0,0.0,1.7976931348623157e+308,1.7976931348623157e+308,0.0,2293.5,2293.0,2292.5,2292.0,2291.5,2295.0,2295.5,2296.0,2296.5,2297.0,3,1,1,1,2,2,3,1,1,1
20191128,15:24:38.0,2019-11-28 15:24:38,ZS3M,LME,2294.5,0,825,0.0,2293.0,2308.0,2290.0,0.0,0.0,1.7976931348623157e+308,1.7976931348623157e+308,0.0,2293.5,2293.0,2292.5,2292.0,2291.5,2295.5,2296.0,2296.5,2297.0,2297.5,4,1,1,1,2,4,1,1,2,1
20191128,15:24:49.0,2019-11-28 15:24:49,ZS3M,LME,2294.5,0,825,0.0,2293.0,2308.0,2290.0,0.0,0.0,1.7976931348623157e+308,1.7976931348623157e+308,0.0,2293.5,2293.0,2292.0,2291.5,2291.0,2295.5,2296.0,2296.5,2297.0,2297.5,4,1,1,2,3,3,2,1,2,1
20191128,15:26:00.0,2019-11-28 15:26:00,ZS3M,LME,2294.5,0,825,0.0,2293.0,2308.0,2290.0,0.0,0.0,1.7976931348623157e+308,1.7976931348623157e+308,0.0,2293.5,2293.0,2292.0,2291.5,2291.0,2295.5,2296.0,2296.5,2297.0,2297.5,4,1,2,2,3,4,1,1,1,1
20191128,15:26:35.0,2019-11-28 15:26:35,ZS3M,LME,2294.5,0,826,0.0,2293.0,2308.0,2290.0,0.0,0.0,1.7976931348623157e+308,1.7976931348623157e+308,0.0,2293.5,2293.0,2292.0,2291.5,2291.0,2295.5,2296.0,2296.5,2297.0,2297.5,4,1,2,2,3,3,1,1,1,1
20191128,15:26:36.0,2019-11-28 15:26:36,ZS3M,LME,2294.5,0,826,0.0,2293.0,2308.0,2290.0,0.0,0.0,1.7976931348623157e+308,1.7976931348623157e+308,0.0,2293.5,2293.0,2292.0,2291.5,2291.0,2295.5,2296.0,2296.5,2297.0,2297.5,4,1,2,2,3,4,1,1,1,1
20191128,15:26:48.0,2019-11-28 15:26:48,ZS3M,LME,2294.5,0,826,0.0,2293.0,2308.0,2290.0,0.0,0.0,1.7976931348623157e+308,1.7976931348623157e+308,0.0,2293.5,2293.0,2292.0,2291.5,2291.0,2295.0,2295.5,2296.0,2296.5,2297.0,4,1,2,2,3,2,3,1,1,1
20191128,15:26:49.0,2019-11-28 15:26:49,ZS3M,LME,2294.5,0,826,0.0,2293.0,2308.0,2290.0,0.0,0.0,1.7976931348623157e+308,1.7976931348623157e+308,0.0,2293.5,2293.0,2292.0,2291.5,2291.0,2295.0,2295.5,2296.0,2296.5,2297.0,3,1,2,2,3,2,3,1,1,1
20191128,15:27:11.0,2019-11-28 15:27:11,ZS3M,LME,2294.5,0,826,0.0,2293.0,2308.0,2290.0,0.0,0.0,1.7976931348623157e+308,1.7976931348623157e+308,0.0,2293.5,2293.0,2292.0,2291.5,2291.0,2294.5,2295.0,2295.5,2296.0,2296.5,3,1,2,2,3,1,1,3,1,1
20191128,15:27:12.0,2019-11-28 15:27:12,ZS3M,LME,2294.0,0,827,0.0,2293.0,2308.0,2290.0,0.0,0.0,1.7976931348623157e+308,1.7976931348623157e+308,0.0,2293.5,2293.0,2292.0,2291.5,2291.0,2295.0,2295.5,2296.0,2296.5,2297.0,3,1,2,2,3,1,2,1,1,1
20191128,15:27:30.0,2019-11-28 15:27:30,ZS3M,LME,2294.0,0,827,0.0,2293.0,2308.0,2290.0,0.0,0.0,1.7976931348623157e+308,1.7976931348623157e+308,0.0,2294.0,2293.5,2293.0,2292.0,2291.5,2295.5,2296.0,2296.5,2297.0,2297.5,3,3,1,2,2,2,1,1,1,1
20191128,15:27:31.0,2019-11-28 15:27:31,ZS3M,LME,2294.0,0,827,0.0,2293.0,2308.0,2290.0,0.0,0.0,1.7976931348623157e+308,1.7976931348623157e+308,0.0,2294.0,2293.5,2293.0,2292.0,2291.5,2295.5,2296.0,2296.5,2297.0,2297.5,4,2,1,2,2,2,1,1,1,1
20191128,15:27:32.0,2019-11-28 15:27:32,ZS3M,LME,2294.0,0,827,0.0,2293.0,2308.0,2290.0,0.0,0.0,1.7976931348623157e+308,1.7976931348623157e+308,0.0,2294.5,2294.0,2293.5,2293.0,2292.0,2296.0,2296.5,2297.0,2297.5,2298.0,3,4,2,1,2,1,1,1,1,1
20191128,15:27:33.0,2019-11-28 15:27:33,ZS3M,LME,2294.0,0,827,0.0,2293.0,2308.0,2290.0,0.0,0.0,1.7976931348623157e+308,1.7976931348623157e+308,0.0,2294.5,2294.0,2293.5,2293.0,2292.0,2296.0,2296.5,2297.0,2297.5,2298.0,4,3,2,1,2,1,1,1,1,1
20191128,15:27:42.0,2019-11-28 15:27:42,ZS3M,LME,2294.0,0,827,0.0,2293.0,2308.0,2290.0,0.0,0.0,1.7976931348623157e+308,1.7976931348623157e+308,0.0,2294.5,2294.0,2293.5,2293.0,2292.0,2296.0,2296.5,2297.0,2297.5,2298.0,5,3,2,1,2,1,1,1,1,1
20191128,15:27:45.0,2019-11-28 15:27:45,ZS3M,LME,2294.0,0,827,0.0,2293.0,2308.0,2290.0,0.0,0.0,1.7976931348623157e+308,1.7976931348623157e+308,0.0,2294.5,2294.0,2293.5,2293.0,2292.0,2296.5,2297.0,2297.5,2298.0,2298.5,5,2,2,1,2,2,1,1,1,2
20191128,15:27:52.0,2019-11-28 15:27:52,ZS3M,LME,2294.0,0,827,0.0,2293.0,2308.0,2290.0,0.0,0.0,1.7976931348623157e+308,1.7976931348623157e+308,0.0,2294.5,2294.0,2293.5,2293.0,2292.0,2296.5,2297.0,2297.5,2298.0,2298.5,5,2,2,1,2,1,1,1,1,2
20191128,15:27:53.0,2019-11-28 15:27:53,ZS3M,LME,2296.5,0,828,0.0,2293.0,2308.0,2290.0,0.0,0.0,1.7976931348623157e+308,1.7976931348623157e+308,0.0,2296.5,2294.5,2294.0,2293.5,2293.0,2297.5,2298.0,2298.5,2299.0,2299.5,2,4,1,2,1,1,1,2,1,2
20191128,15:27:54.0,2019-11-28 15:27:54,ZS3M,LME,2296.5,0,828,0.0,2293.0,2308.0,2290.0,0.0,0.0,1.7976931348623157e+308,1.7976931348623157e+308,0.0,2296.5,2295.5,2295.0,2294.5,2294.0,2297.5,2298.0,2298.5,2299.0,2299.5,2,1,1,3,1,2,1,2,1,2
20191128,15:28:17.0,2019-11-28 15:28:17,ZS3M,LME,2297.5,0,829,0.0,2293.0,2308.0,2290.0,0.0,0.0,1.7976931348623157e+308,1.7976931348623157e+308,0.0,2296.5,2295.5,2295.0,2294.5,2294.0,2297.5,2298.0,2298.5,2299.0,2299.5,3,1,1,2,1,2,1,2,1,2
20191128,15:28:17.0,2019-11-28 15:28:17,ZS3M,LME,2297.5,0,830,0.0,2293.0,2308.0,2290.0,0.0,0.0,1.7976931348623157e+308,1.7976931348623157e+308,0.0,2297.5,2297.0,2296.5,2295.5,2295.0,2298.0,2298.5,2299.0,2299.5,2300.5,2,1,3,1,1,1,2,1,2,1
20191128,15:28:18.0,2019-11-28 15:28:18,ZS3M,LME,2297.5,0,830,0.0,2293.0,2308.0,2290.0,0.0,0.0,1.7976931348623157e+308,1.7976931348623157e+308,0.0,2297.5,2297.0,2296.5,2295.5,2295.0,2298.0,2298.5,2299.0,2299.5,2300.5,4,1,1,1,1,1,2,1,2,1
20191128,15:28:24.0,2019-11-28 15:28:24,ZS3M,LME,2297.5,0,841,0.0,2293.0,2308.0,2290.0,0.0,0.0,1.7976931348623157e+308,1.7976931348623157e+308,0.0,2297.0,2296.5,2295.5,2295.0,2294.5,2298.0,2298.5,2299.0,2299.5,2300.5,1,1,1,1,2,2,2,1,2,1
20191128,15:28:42.0,2019-11-28 15:28:42,ZS3M,LME,2297.5,0,841,0.0,2293.0,2308.0,2290.0,0.0,0.0,1.7976931348623157e+308,1.7976931348623157e+308,0.0,2295.5,2295.0,2294.5,2294.0,2293.5,2297.5,2298.0,2298.5,2299.0,2299.5,2,1,2,2,1,2,3,2,1,2
20191128,15:29:06.0,2019-11-28 15:29:06,ZS3M,LME,2297.5,0,841,0.0,2293.0,2308.0,2290.0,0.0,0.0,1.7976931348623157e+308,1.7976931348623157e+308,0.0,2295.5,2295.0,2294.5,2294.0,2293.5,2297.5,2298.0,2298.5,2299.0,2299.5,1,1,2,2,1,3,3,2,1,2
20191128,15:29:22.0,2019-11-28 15:29:22,ZS3M,LME,2297.5,0,841,0.0,2293.0,2308.0,2290.0,0.0,0.0,1.7976931348623157e+308,1.7976931348623157e+308,0.0,2295.0,2294.0,2293.5,2293.0,2292.5,2296.5,2297.0,2297.5,2298.0,2298.5,1,2,1,1,1,1,3,3,2,2
20191128,15:29:25.0,2019-11-28 15:29:25,ZS3M,LME,2297.5,0,841,0.0,2293.0,2308.0,2290.0,0.0,0.0,1.7976931348623157e+308,1.7976931348623157e+308,0.0,2294.5,2294.0,2293.5,2293.0,2292.5,2296.5,2297.0,2297.5,2298.0,2298.5,3,2,1,1,1,1,1,3,2,2
20191128,15:30:08.0,2019-11-28 15:30:08,ZS3M,LME,2297.5,0,841,0.0,2293.0,2308.0,2290.0,0.0,0.0,1.7976931348623157e+308,1.7976931348623157e+308,0.0,2294.5,2294.0,2293.5,2293.0,2292.5,2296.5,2297.0,2297.5,2298.0,2298.5,3,2,1,1,1,2,1,3,2,2
20191128,15:30:14.0,2019-11-28 15:30:14,ZS3M,LME,2296.5,0,842,0.0,2293.0,2308.0,2290.0,0.0,0.0,1.7976931348623157e+308,1.7976931348623157e+308,0.0,2294.5,2294.0,2293.5,2293.0,2292.5,2296.5,2297.0,2297.5,2298.0,2298.5,3,2,1,1,1,2,1,3,2,2
20191128,15:30:20.0,2019-11-28 15:30:20,ZS3M,LME,2296.5,0,842,0.0,2293.0,2308.0,2290.0,0.0,0.0,1.7976931348623157e+308,1.7976931348623157e+308,0.0,2294.5,2294.0,2293.5,2293.0,2292.5,2296.5,2297.0,2297.5,2298.0,2298.5,3,2,1,1,1,3,1,3,2,2
20191128,15:30:41.0,2019-11-28 15:30:41,ZS3M,LME,2296.5,0,842,0.0,2293.0,2308.0,2290.0,0.0,0.0,1.7976931348623157e+308,1.7976931348623157e+308,0.0,2294.5,2294.0,2293.5,2293.0,2292.5,2295.5,2296.0,2296.5,2297.5,2298.0,2,2,1,1,1,1,1,3,2,2
20191128,15:30:42.0,2019-11-28 15:30:42,ZS3M,LME,2296.5,0,842,0.0,2293.0,2308.0,2290.0,0.0,0.0,1.7976931348623157e+308,1.7976931348623157e+308,0.0,2294.5,2294.0,2293.5,2293.0,2292.5,2295.5,2296.0,2296.5,2297.5,2298.0,2,2,1,1,1,2,1,2,2,2
20191128,15:32:13.0,2019-11-28 15:32:13,ZS3M,LME,2295.5,0,844,0.0,2293.0,2308.0,2290.0,0.0,0.0,1.7976931348623157e+308,1.7976931348623157e+308,0.0,2295.5,2295.0,2294.5,2294.0,2293.5,2297.0,2297.5,2298.0,2298.5,2299.0,1,1,4,2,1,1,3,4,2,1
20191128,15:32:26.0,2019-11-28 15:32:26,ZS3M,LME,2295.5,0,844,0.0,2293.0,2308.0,2290.0,0.0,0.0,1.7976931348623157e+308,1.7976931348623157e+308,0.0,2295.5,2295.0,2294.5,2294.0,2293.5,2297.0,2297.5,2298.0,2298.5,2299.0,2,1,2,2,1,2,3,4,2,1
20191128,15:32:33.0,2019-11-28 15:32:33,ZS3M,LME,2295.5,0,844,0.0,2293.0,2308.0,2290.0,0.0,0.0,1.7976931348623157e+308,1.7976931348623157e+308,0.0,2295.5,2295.0,2294.5,2294.0,2293.5,2297.0,2297.5,2298.0,2298.5,2299.0,3,1,2,2,1,2,3,4,2,1
20191128,15:32:36.0,2019-11-28 15:32:36,ZS3M,LME,2295.5,0,844,0.0,2293.0,2308.0,2290.0,0.0,0.0,1.7976931348623157e+308,1.7976931348623157e+308,0.0,2295.5,2295.0,2294.5,2294.0,2293.5,2297.0,2297.5,2298.0,2298.5,2299.0,3,1,2,2,1,1,3,4,2,1
20191128,15:33:17.0,2019-11-28 15:33:17,ZS3M,LME,2295.5,0,844,0.0,2293.0,2308.0,2290.0,0.0,0.0,1.7976931348623157e+308,1.7976931348623157e+308,0.0,2295.5,2295.0,2294.5,2294.0,2293.5,2297.5,2297.5,2298.0,2298.5,2299.0,4,1,2,2,1,3,3,4,2,1
20191128,15:33:47.0,2019-11-28 15:33:47,ZS3M,LME,2295.5,0,844,0.0,2293.0,2308.0,2290.0,0.0,0.0,1.7976931348623157e+308,1.7976931348623157e+308,0.0,2295.5,2295.0,2294.5,2294.0,2293.5,2297.5,2298.0,2298.5,2299.0,2299.5,4,1,2,2,1,2,4,2,1,2
20191128,15:33:50.0,2019-11-28 15:33:50,ZS3M,LME,2295.5,0,844,0.0,2293.0,2308.0,2290.0,0.0,0.0,1.7976931348623157e+308,1.7976931348623157e+308,0.0,2295.5,2295.0,2294.5,2294.0,2293.5,2297.5,2298.0,2298.5,2299.0,2299.5,3,1,2,2,1,2,4,2,1,2
20191128,15:34:13.0,2019-11-28 15:34:13,ZS3M,LME,2295.5,0,844,0.0,2293.0,2308.0,2290.0,0.0,0.0,1.7976931348623157e+308,1.7976931348623157e+308,0.0,2295.5,2295.0,2294.5,2294.0,2293.5,2297.5,2298.0,2298.5,2299.0,2299.5,4,1,2,2,1,3,4,2,1,2
20191128,15:34:15.0,2019-11-28 15:34:15,ZS3M,LME,2295.5,0,844,0.0,2293.0,2308.0,2290.0,0.0,0.0,1.7976931348623157e+308,1.7976931348623157e+308,0.0,2295.5,2295.0,2294.5,2294.0,2293.5,2297.0,2298.0,2298.5,2299.0,2299.5,4,1,2,2,1,1,4,2,1,2
20191128,15:34:16.0,2019-11-28 15:34:16,ZS3M,LME,2295.5,0,844,0.0,2293.0,2308.0,2290.0,0.0,0.0,1.7976931348623157e+308,1.7976931348623157e+308,0.0,2295.5,2295.0,2294.5,2294.0,2293.5,2297.0,2297.5,2298.0,2298.5,2299.0,4,1,2,2,1,2,4,4,2,1
20191128,15:34:18.0,2019-11-28 15:34:18,ZS3M,LME,2295.5,0,844,0.0,2293.0,2308.0,2290.0,0.0,0.0,1.7976931348623157e+308,1.7976931348623157e+308,0.0,2295.5,2295.0,2294.5,2294.0,2293.5,2297.0,2297.5,2298.0,2298.5,2299.0,4,1,2,2,1,1,4,4,2,1
20191128,15:34:22.0,2019-11-28 15:34:22,ZS3M,LME,2295.5,0,844,0.0,2293.0,2308.0,2290.0,0.0,0.0,1.7976931348623157e+308,1.7976931348623157e+308,0.0,2295.5,2295.0,2294.5,2294.0,2293.5,2296.5,2297.0,2297.5,2298.0,2298.5,4,1,2,2,1,1,1,4,4,2
20191128,15:34:23.0,2019-11-28 15:34:23,ZS3M,LME,2295.5,0,844,0.0,2293.0,2308.0,2290.0,0.0,0.0,1.7976931348623157e+308,1.7976931348623157e+308,0.0,2295.5,2295.0,2294.5,2294.0,2293.5,2297.0,2297.0,2297.5,2298.0,2298.5,4,1,2,2,1,1,1,4,4,2
20191128,15:34:36.0,2019-11-28 15:34:36,ZS3M,LME,2295.5,0,844,0.0,2293.0,2308.0,2290.0,0.0,0.0,1.7976931348623157e+308,1.7976931348623157e+308,0.0,2295.5,2295.0,2294.5,2294.0,2293.5,2296.5,2297.0,2297.5,2298.0,2298.5,4,1,2,2,1,2,1,4,2,2
20191128,15:34:44.0,2019-11-28 15:34:44,ZS3M,LME,2295.5,0,844,0.0,2293.0,2308.0,2290.0,0.0,0.0,1.7976931348623157e+308,1.7976931348623157e+308,0.0,2295.5,2295.0,2294.5,2294.0,2293.5,2296.5,2297.0,2297.5,2298.0,2298.5,4,2,2,2,1,1,1,4,2,2
20191128,15:36:00.0,2019-11-28 15:36:00,ZS3M,LME,2295.5,0,844,0.0,2293.0,2308.0,2290.0,0.0,0.0,1.7976931348623157e+308,1.7976931348623157e+308,0.0,2295.5,2295.0,2294.5,2294.0,2293.5,2296.5,2297.0,2297.5,2298.0,2298.5,4,2,2,2,1,2,1,4,2,2
20191128,15:36:02.0,2019-11-28 15:36:02,ZS3M,LME,2295.5,0,844,0.0,2293.0,2308.0,2290.0,0.0,0.0,1.7976931348623157e+308,1.7976931348623157e+308,0.0,2295.5,2295.0,2294.5,2294.0,2293.5,2296.5,2297.0,2297.5,2298.0,2298.5,5,2,2,2,1,2,1,4,2,2
20191128,15:36:07.0,2019-11-28 15:36:07,ZS3M,LME,2295.5,0,844,0.0,2293.0,2308.0,2290.0,0.0,0.0,1.7976931348623157e+308,1.7976931348623157e+308,0.0,2295.5,2295.0,2294.5,2294.0,2293.5,2296.0,2296.5,2297.0,2297.5,2298.0,4,1,2,2,1,1,2,1,3,2
20191128,15:36:07.0,2019-11-28 15:36:07,ZS3M,LME,2295.5,0,848,0.0,2293.0,2308.0,2290.0,0.0,0.0,1.7976931348623157e+308,1.7976931348623157e+308,0.0,2295.0,2294.5,2294.0,2293.5,2293.0,2296.0,2296.5,2297.5,2298.0,2298.5,1,1,2,1,1,2,1,3,1,2
20191128,15:36:12.0,2019-11-28 15:36:12,ZS3M,LME,2295.0,0,849,0.0,2293.0,2308.0,2290.0,0.0,0.0,1.7976931348623157e+308,1.7976931348623157e+308,0.0,2294.5,2294.5,2294.0,2293.5,2293.0,2296.0,2296.5,2297.5,2298.0,2298.5,1,1,2,1,1,2,1,3,1,2
20191128,15:36:13.0,2019-11-28 15:36:13,ZS3M,LME,2295.0,0,849,0.0,2293.0,2308.0,2290.0,0.0,0.0,1.7976931348623157e+308,1.7976931348623157e+308,0.0,2294.5,2294.0,2293.5,2293.0,2292.0,2296.0,2297.5,2298.0,2298.5,2299.5,2,2,1,1,2,2,3,1,2,2
20191128,15:36:17.0,2019-11-28 15:36:17,ZS3M,LME,2295.0,0,849,0.0,2293.0,2308.0,2290.0,0.0,0.0,1.7976931348623157e+308,1.7976931348623157e+308,0.0,2294.5,2294.0,2293.5,2293.0,2292.0,2296.0,2297.5,2298.0,2298.5,2299.5,1,2,1,1,2,2,3,1,2,2
20191128,15:36:23.0,2019-11-28 15:36:23,ZS3M,LME,2295.0,0,849,0.0,2293.0,2308.0,2290.0,0.0,0.0,1.7976931348623157e+308,1.7976931348623157e+308,0.0,2293.5,2293.0,2292.0,2291.5,2291.0,2295.0,2295.5,2296.0,2297.0,2297.5,1,1,2,2,3,1,3,2,2,3
20191128,15:36:29.0,2019-11-28 15:36:29,ZS3M,LME,2295.0,0,849,0.0,2293.0,2308.0,2290.0,0.0,0.0,1.7976931348623157e+308,1.7976931348623157e+308,0.0,2293.5,2293.0,2292.0,2291.5,2291.0,2294.5,2295.0,2295.5,2296.0,2296.5,1,1,2,2,3,2,2,3,2,1
20191128,15:36:29.0,2019-11-28 15:36:29,ZS3M,LME,2294.0,0,851,0.0,2293.0,2308.0,2290.0,0.0,0.0,1.7976931348623157e+308,1.7976931348623157e+308,0.0,2293.5,2293.0,2292.0,2291.5,2291.0,2294.5,2295.0,2295.5,2296.0,2296.5,1,1,2,2,3,2,1,2,1,1
20191128,15:36:30.0,2019-11-28 15:36:30,ZS3M,LME,2294.0,0,854,0.0,2293.0,2308.0,2290.0,0.0,0.0,1.7976931348623157e+308,1.7976931348623157e+308,0.0,2293.5,2293.0,2292.0,2291.5,2291.0,2294.5,2295.5,2296.5,2297.5,2298.0,1,1,2,2,3,1,1,1,3,1
20191128,15:36:36.0,2019-11-28 15:36:36,ZS3M,LME,2294.0,0,854,0.0,2293.0,2308.0,2290.0,0.0,0.0,1.7976931348623157e+308,1.7976931348623157e+308,0.0,2293.5,2293.0,2292.0,2291.5,2291.0,2294.5,2295.5,2296.5,2297.0,2297.5,2,1,2,2,3,1,1,1,1,3
20191128,15:36:41.0,2019-11-28 15:36:41,ZS3M,LME,2294.0,0,854,0.0,2293.0,2308.0,2290.0,0.0,0.0,1.7976931348623157e+308,1.7976931348623157e+308,0.0,2293.5,2293.0,2292.0,2291.5,2291.0,2295.0,2295.5,2296.5,2297.0,2297.5,2,1,2,2,3,1,1,1,1,3
20191128,15:36:42.0,2019-11-28 15:36:42,ZS3M,LME,2294.0,0,854,0.0,2293.0,2308.0,2290.0,0.0,0.0,1.7976931348623157e+308,1.7976931348623157e+308,0.0,2293.5,2293.0,2292.0,2291.5,2291.0,2295.0,2295.5,2296.5,2297.0,2297.5,3,1,2,2,3,1,1,1,1,3
20191128,15:36:43.0,2019-11-28 15:36:43,ZS3M,LME,2294.0,0,854,0.0,2293.0,2308.0,2290.0,0.0,0.0,1.7976931348623157e+308,1.7976931348623157e+308,0.0,2293.5,2293.0,2292.0,2291.5,2291.0,2294.5,2295.5,2296.5,2297.0,2297.5,3,1,2,2,3,1,1,1,1,3
20191128,15:36:45.0,2019-11-28 15:36:45,ZS3M,LME,2294.0,0,854,0.0,2293.0,2308.0,2290.0,0.0,0.0,1.7976931348623157e+308,1.7976931348623157e+308,0.0,2293.5,2293.0,2292.0,2291.5,2291.0,2295.0,2295.5,2296.5,2297.0,2297.5,3,1,2,2,3,1,1,1,1,3
20191128,15:37:01.0,2019-11-28 15:37:01,ZS3M,LME,2294.0,0,854,0.0,2293.0,2308.0,2290.0,0.0,0.0,1.7976931348623157e+308,1.7976931348623157e+308,0.0,2293.5,2293.0,2292.0,2291.5,2291.0,2295.5,2295.5,2296.5,2297.0,2297.5,3,1,2,2,3,1,1,1,1,3
20191128,15:37:03.0,2019-11-28 15:37:03,ZS3M,LME,2294.0,0,854,0.0,2293.0,2308.0,2290.0,0.0,0.0,1.7976931348623157e+308,1.7976931348623157e+308,0.0,2293.5,2293.0,2292.0,2291.5,2291.0,2295.0,2296.0,2296.5,2297.0,2297.5,3,1,2,2,3,1,1,1,1,3
20191128,15:37:52.0,2019-11-28 15:37:52,ZS3M,LME,2294.0,0,854,0.0,2293.0,2308.0,2290.0,0.0,0.0,1.7976931348623157e+308,1.7976931348623157e+308,0.0,2293.5,2293.0,2292.0,2291.5,2291.0,2295.5,2295.5,2296.5,2297.0,2297.5,3,1,2,2,3,1,1,1,1,3
20191128,15:37:54.0,2019-11-28 15:37:54,ZS3M,LME,2294.0,0,854,0.0,2293.0,2308.0,2290.0,0.0,0.0,1.7976931348623157e+308,1.7976931348623157e+308,0.0,2293.5,2293.0,2292.0,2291.5,2291.0,2295.0,2296.5,2297.0,2297.5,2298.0,3,1,2,2,3,1,2,1,3,1
20191128,15:38:04.0,2019-11-28 15:38:04,ZS3M,LME,2294.0,0,854,0.0,2293.0,2308.0,2290.0,0.0,0.0,1.7976931348623157e+308,1.7976931348623157e+308,0.0,2293.5,2293.0,2292.0,2291.5,2291.0,2295.0,2295.5,2296.5,2297.0,2297.5,4,1,2,2,3,1,1,1,1,3
20191128,15:38:14.0,2019-11-28 15:38:14,ZS3M,LME,2295.0,0,855,0.0,2293.0,2308.0,2290.0,0.0,0.0,1.7976931348623157e+308,1.7976931348623157e+308,0.0,2294.5,2294.0,2293.5,2293.0,2292.0,2295.5,2295.5,2296.5,2297.0,2297.5,1,3,4,1,2,1,1,1,1,3
20191128,15:38:15.0,2019-11-28 15:38:15,ZS3M,LME,2295.0,0,855,0.0,2293.0,2308.0,2290.0,0.0,0.0,1.7976931348623157e+308,1.7976931348623157e+308,0.0,2294.5,2294.0,2293.5,2293.0,2292.0,2296.5,2297.0,2297.5,2298.0,2298.5,2,3,4,1,2,1,1,3,1,2
20191128,15:38:27.0,2019-11-28 15:38:27,ZS3M,LME,2295.0,0,855,0.0,2293.0,2308.0,2290.0,0.0,0.0,1.7976931348623157e+308,1.7976931348623157e+308,0.0,2294.5,2294.0,2293.5,2293.0,2292.0,2296.5,2297.0,2297.5,2298.0,2298.5,4,3,3,1,2,1,1,3,1,2
20191128,15:38:31.0,2019-11-28 15:38:31,ZS3M,LME,2295.0,0,855,0.0,2293.0,2308.0,2290.0,0.0,0.0,1.7976931348623157e+308,1.7976931348623157e+308,0.0,2294.5,2294.0,2293.5,2293.0,2292.0,2296.5,2297.0,2297.5,2298.0,2298.5,3,3,3,1,2,1,1,3,1,2
20191128,15:39:04.0,2019-11-28 15:39:04,ZS3M,LME,2295.0,0,855,0.0,2293.0,2308.0,2290.0,0.0,0.0,1.7976931348623157e+308,1.7976931348623157e+308,0.0,2295.0,2294.0,2293.5,2293.0,2292.0,2296.5,2297.0,2297.5,2298.0,2298.5,2,2,3,1,2,1,1,3,1,2
20191128,15:39:06.0,2019-11-28 15:39:06,ZS3M,LME,2295.0,0,855,0.0,2293.0,2308.0,2290.0,0.0,0.0,1.7976931348623157e+308,1.7976931348623157e+308,0.0,2295.0,2294.5,2294.0,2293.5,2293.0,2296.5,2297.0,2297.5,2298.0,2298.5,3,2,2,2,1,1,1,3,1,2
20191128,15:40:01.0,2019-11-28 15:40:01,ZS3M,LME,2295.0,0,855,0.0,2293.0,2308.0,2290.0,0.0,0.0,1.7976931348623157e+308,1.7976931348623157e+308,0.0,2295.0,2294.5,2294.0,2293.5,2293.0,2296.5,2297.0,2297.5,2298.0,2298.5,5,2,2,2,1,1,1,3,1,2
20191128,15:40:02.0,2019-11-28 15:40:02,ZS3M,LME,2295.0,0,855,0.0,2293.0,2308.0,2290.0,0.0,0.0,1.7976931348623157e+308,1.7976931348623157e+308,0.0,2295.5,2295.0,2294.5,2294.0,2293.5,2297.0,2297.5,2298.0,2298.5,2299.5,3,5,2,2,2,1,3,1,2,2
20191128,15:41:06.0,2019-11-28 15:41:06,ZS3M,LME,2295.0,0,855,0.0,2293.0,2308.0,2290.0,0.0,0.0,1.7976931348623157e+308,1.7976931348623157e+308,0.0,2295.5,2295.0,2294.5,2294.0,2293.5,2297.5,2298.0,2298.5,2299.5,2300.5,3,1,2,1,2,2,1,4,2,1
20191128,15:41:28.0,2019-11-28 15:41:28,ZS3M,LME,2295.0,0,855,0.0,2293.0,2308.0,2290.0,0.0,0.0,1.7976931348623157e+308,1.7976931348623157e+308,0.0,2295.5,2295.0,2294.5,2293.5,2293.0,2297.5,2298.0,2298.5,2299.5,2300.5,1,1,2,2,1,3,1,4,2,1
20191128,15:41:54.0,2019-11-28 15:41:54,ZS3M,LME,2295.0,0,855,0.0,2293.0,2308.0,2290.0,0.0,0.0,1.7976931348623157e+308,1.7976931348623157e+308,0.0,2295.5,2295.0,2294.5,2293.5,2293.0,2297.5,2298.0,2298.5,2299.5,2300.5,1,1,2,2,1,5,1,2,2,1
20191128,15:41:57.0,2019-11-28 15:41:57,ZS3M,LME,2295.0,0,855,0.0,2293.0,2308.0,2290.0,0.0,0.0,1.7976931348623157e+308,1.7976931348623157e+308,0.0,2295.5,2295.0,2294.5,2293.5,2293.0,2297.5,2298.0,2298.5,2299.5,2300.5,1,1,2,2,1,3,3,2,2,1
20191128,15:41:59.0,2019-11-28 15:41:59,ZS3M,LME,2295.0,0,855,0.0,2293.0,2308.0,2290.0,0.0,0.0,1.7976931348623157e+308,1.7976931348623157e+308,0.0,2295.5,2295.0,2294.5,2293.5,2293.0,2297.5,2298.0,2298.5,2299.5,2300.5,2,1,2,2,1,3,3,2,2,1
20191128,15:42:06.0,2019-11-28 15:42:06,ZS3M,LME,2295.0,0,855,0.0,2293.0,2308.0,2290.0,0.0,0.0,1.7976931348623157e+308,1.7976931348623157e+308,0.0,2295.5,2295.0,2294.5,2293.5,2293.0,2297.5,2298.0,2298.5,2299.5,2300.5,3,1,2,2,1,2,3,2,2,1
20191128,15:42:42.0,2019-11-28 15:42:42,ZS3M,LME,2295.0,0,855,0.0,2293.0,2308.0,2290.0,0.0,0.0,1.7976931348623157e+308,1.7976931348623157e+308,0.0,2295.5,2295.0,2294.5,2293.5,2293.0,2297.5,2298.0,2298.5,2299.5,2300.5,4,1,2,2,1,2,1,4,2,1
20191128,15:43:59.0,2019-11-28 15:43:59,ZS3M,LME,2295.0,0,855,0.0,2293.0,2308.0,2290.0,0.0,0.0,1.7976931348623157e+308,1.7976931348623157e+308,0.0,2296.0,2295.5,2295.0,2294.5,2293.5,2297.5,2298.0,2298.5,2299.5,2300.5,4,4,1,1,2,2,1,2,2,1
20191128,15:45:39.0,2019-11-28 15:45:39,ZS3M,LME,2295.0,0,855,0.0,2293.0,2308.0,2290.0,0.0,0.0,1.7976931348623157e+308,1.7976931348623157e+308,0.0,2296.0,2295.5,2295.0,2294.5,2293.5,2297.5,2298.0,2298.5,2299.5,2300.5,6,1,1,1,2,2,1,4,2,1
20191128,15:46:04.0,2019-11-28 15:46:04,ZS3M,LME,2295.0,0,855,0.0,2293.0,2308.0,2290.0,0.0,0.0,1.7976931348623157e+308,1.7976931348623157e+308,0.0,2296.0,2295.5,2295.0,2294.5,2293.5,2297.5,2298.0,2298.5,2299.5,2300.5,4,1,1,1,2,2,1,4,2,1
20191128,15:46:20.0,2019-11-28 15:46:20,ZS3M,LME,2295.0,0,855,0.0,2293.0,2308.0,2290.0,0.0,0.0,1.7976931348623157e+308,1.7976931348623157e+308,0.0,2296.0,2295.5,2295.0,2294.5,2293.5,2297.5,2298.0,2298.5,2299.5,2300.5,4,1,1,1,2,2,1,4,2,1
20191128,15:48:31.0,2019-11-28 15:48:31,ZS3M,LME,2295.0,0,855,0.0,2293.0,2308.0,2290.0,0.0,0.0,1.7976931348623157e+308,1.7976931348623157e+308,0.0,2296.0,2295.5,2295.0,2294.5,2293.5,2297.5,2298.0,2298.5,2299.5,2300.5,5,1,1,1,2,2,1,4,2,1
20191128,15:48:34.0,2019-11-28 15:48:34,ZS3M,LME,2296.0,0,861,0.0,2293.0,2308.0,2290.0,0.0,0.0,1.7976931348623157e+308,1.7976931348623157e+308,0.0,2295.0,2294.5,2293.5,2293.0,2292.5,2296.0,2297.5,2298.0,2298.5,2299.5,1,1,2,1,2,2,2,1,2,2
20191128,15:48:55.0,2019-11-28 15:48:55,ZS3M,LME,2295.0,0,874,0.0,2293.0,2308.0,2290.0,0.0,0.0,1.7976931348623157e+308,1.7976931348623157e+308,0.0,2293.5,2293.0,2292.5,2292.0,2291.5,2295.0,2296.5,2297.0,2297.5,2298.0,2,1,2,2,2,3,1,1,2,1
20191128,15:49:03.0,2019-11-28 15:49:03,ZS3M,LME,2295.0,0,874,0.0,2293.0,2308.0,2290.0,0.0,0.0,1.7976931348623157e+308,1.7976931348623157e+308,0.0,2293.5,2293.0,2292.5,2292.0,2291.5,2295.0,2296.5,2297.0,2297.5,2298.0,2,1,2,2,2,3,1,1,2,1
20191128,15:49:12.0,2019-11-28 15:49:12,ZS3M,LME,2294.0,0,880,0.0,2293.0,2308.0,2290.0,0.0,0.0,1.7976931348623157e+308,1.7976931348623157e+308,0.0,2293.5,2293.5,2293.0,2292.5,2292.0,2295.5,2296.0,2296.5,2297.5,2298.0,3,3,1,2,2,1,1,3,2,1
20191128,15:49:22.0,2019-11-28 15:49:22,ZS3M,LME,2294.0,0,880,0.0,2293.0,2308.0,2290.0,0.0,0.0,1.7976931348623157e+308,1.7976931348623157e+308,0.0,2293.5,2293.0,2292.5,2292.0,2291.5,2295.5,2296.0,2296.5,2297.5,2298.0,4,1,2,2,2,2,1,3,2,1
20191128,15:50:00.0,2019-11-28 15:50:00,ZS3M,LME,2294.0,0,880,0.0,2293.0,2308.0,2290.0,0.0,0.0,1.7976931348623157e+308,1.7976931348623157e+308,0.0,2293.5,2293.0,2292.5,2292.0,2291.5,2295.5,2296.0,2296.5,2297.5,2298.0,5,1,2,2,2,2,1,3,2,1
20191128,15:50:08.0,2019-11-28 15:50:08,ZS3M,LME,2294.0,0,880,0.0,2293.0,2308.0,2290.0,0.0,0.0,1.7976931348623157e+308,1.7976931348623157e+308,0.0,2294.5,2293.5,2293.0,2292.5,2292.0,2296.0,2296.5,2297.5,2298.0,2298.5,1,5,1,2,2,1,3,2,1,2
20191128,15:50:12.0,2019-11-28 15:50:12,ZS3M,LME,2294.0,0,880,0.0,2293.0,2308.0,2290.0,0.0,0.0,1.7976931348623157e+308,1.7976931348623157e+308,0.0,2294.5,2294.0,2293.5,2293.0,2292.5,2296.0,2296.5,2297.5,2298.0,2298.5,3,2,4,1,2,1,3,2,1,2
20191128,15:50:20.0,2019-11-28 15:50:20,ZS3M,LME,2294.0,0,880,0.0,2293.0,2308.0,2290.0,0.0,0.0,1.7976931348623157e+308,1.7976931348623157e+308,0.0,2294.5,2294.0,2293.5,2293.0,2292.5,2296.0,2296.5,2297.5,2298.0,2298.5,3,1,3,1,2,2,3,2,1,2
20191128,15:51:09.0,2019-11-28 15:51:09,ZS3M,LME,2294.0,0,880,0.0,2293.0,2308.0,2290.0,0.0,0.0,1.7976931348623157e+308,1.7976931348623157e+308,0.0,2294.5,2294.0,2293.5,2293.0,2292.5,2296.0,2296.5,2297.5,2298.0,2298.5,3,1,3,1,2,1,3,2,1,2
20191128,15:51:37.0,2019-11-28 15:51:37,ZS3M,LME,2294.0,0,880,0.0,2293.0,2308.0,2290.0,0.0,0.0,1.7976931348623157e+308,1.7976931348623157e+308,0.0,2294.5,2294.0,2293.5,2293.0,2292.5,2296.5,2296.5,2297.5,2298.0,2298.5,3,1,3,1,2,3,3,2,1,2
20191128,15:51:42.0,2019-11-28 15:51:42,ZS3M,LME,2294.0,0,880,0.0,2293.0,2308.0,2290.0,0.0,0.0,1.7976931348623157e+308,1.7976931348623157e+308,0.0,2294.5,2294.0,2293.5,2293.0,2292.5,2296.5,2297.5,2298.0,2298.5,2299.5,4,1,3,1,2,2,2,1,2,2
20191128,15:51:43.0,2019-11-28 15:51:43,ZS3M,LME,2294.0,0,880,0.0,2293.0,2308.0,2290.0,0.0,0.0,1.7976931348623157e+308,1.7976931348623157e+308,0.0,2294.5,2294.0,2293.5,2293.0,2292.5,2297.0,2298.0,2298.5,2299.5,2300.5,4,1,3,1,2,1,1,2,2,1
20191128,15:51:55.0,2019-11-28 15:51:55,ZS3M,LME,2294.0,0,880,0.0,2293.0,2308.0,2290.0,0.0,0.0,1.7976931348623157e+308,1.7976931348623157e+308,0.0,2295.5,2295.0,2294.5,2293.5,2293.0,2297.5,2298.0,2298.5,2299.5,2300.5,2,3,4,2,1,3,1,2,2,1
20191128,15:51:56.0,2019-11-28 15:51:56,ZS3M,LME,2294.0,0,880,0.0,2293.0,2308.0,2290.0,0.0,0.0,1.7976931348623157e+308,1.7976931348623157e+308,0.0,2295.5,2295.0,2294.5,2293.5,2293.0,2297.5,2298.0,2298.5,2299.5,2300.5,3,3,4,2,1,3,1,2,2,1
20191128,15:52:02.0,2019-11-28 15:52:02,ZS3M,LME,2294.0,0,880,0.0,2293.0,2308.0,2290.0,0.0,0.0,1.7976931348623157e+308,1.7976931348623157e+308,0.0,2295.5,2295.0,2294.5,2293.5,2293.0,2297.5,2298.0,2298.5,2299.5,2300.5,4,2,2,2,1,3,1,2,2,1
20191128,15:52:18.0,2019-11-28 15:52:18,ZS3M,LME,2294.0,0,880,0.0,2293.0,2308.0,2290.0,0.0,0.0,1.7976931348623157e+308,1.7976931348623157e+308,0.0,2295.5,2295.0,2294.5,2293.5,2293.0,2297.5,2298.0,2298.5,2299.5,2300.5,4,2,2,2,1,2,1,2,2,1
20191128,15:52:44.0,2019-11-28 15:52:44,ZS3M,LME,2294.0,0,880,0.0,2293.0,2308.0,2290.0,0.0,0.0,1.7976931348623157e+308,1.7976931348623157e+308,0.0,2295.5,2295.0,2294.5,2293.5,2293.0,2297.5,2298.0,2298.5,2299.5,2300.5,4,2,2,2,1,1,1,2,2,1
20191128,15:52:55.0,2019-11-28 15:52:55,ZS3M,LME,2294.0,0,880,0.0,2293.0,2308.0,2290.0,0.0,0.0,1.7976931348623157e+308,1.7976931348623157e+308,0.0,2295.5,2295.0,2294.5,2293.5,2293.0,2297.5,2298.0,2298.5,2299.0,2299.5,5,2,2,1,1,2,1,2,1,2
20191128,15:54:06.0,2019-11-28 15:54:06,ZS3M,LME,2294.0,0,880,0.0,2293.0,2308.0,2290.0,0.0,0.0,1.7976931348623157e+308,1.7976931348623157e+308,0.0,2295.5,2295.0,2294.5,2293.5,2293.0,2297.5,2298.0,2298.5,2299.0,2299.5,6,2,2,1,1,2,1,2,1,2
20191128,15:54:11.0,2019-11-28 15:54:11,ZS3M,LME,2294.0,0,880,0.0,2293.0,2308.0,2290.0,0.0,0.0,1.7976931348623157e+308,1.7976931348623157e+308,0.0,2295.5,2295.0,2294.5,2293.5,2293.0,2298.0,2298.5,2299.0,2299.5,2300.5,6,2,2,1,1,3,2,1,2,1
20191128,15:54:22.0,2019-11-28 15:54:22,ZS3M,LME,2294.0,0,880,0.0,2293.0,2308.0,2290.0,0.0,0.0,1.7976931348623157e+308,1.7976931348623157e+308,0.0,2295.5,2295.0,2294.5,2293.5,2293.0,2298.0,2298.5,2299.0,2299.5,2300.5,7,2,2,1,1,2,2,1,2,1
20191128,15:55:40.0,2019-11-28 15:55:40,ZS3M,LME,2294.0,0,880,0.0,2293.0,2308.0,2290.0,0.0,0.0,1.7976931348623157e+308,1.7976931348623157e+308,0.0,2295.5,2295.0,2294.5,2293.5,2293.0,2297.0,2298.0,2298.5,2299.0,2299.5,7,2,2,1,1,1,2,2,1,2
20191128,15:55:55.0,2019-11-28 15:55:55,ZS3M,LME,2294.0,0,880,0.0,2293.0,2308.0,2290.0,0.0,0.0,1.7976931348623157e+308,1.7976931348623157e+308,0.0,2295.5,2295.0,2294.5,2293.5,2293.0,2297.0,2297.5,2298.0,2298.5,2299.0,6,2,2,1,1,5,1,2,2,1
20191128,15:56:02.0,2019-11-28 15:56:02,ZS3M,LME,2294.0,0,880,0.0,2293.0,2308.0,2290.0,0.0,0.0,1.7976931348623157e+308,1.7976931348623157e+308,0.0,2295.5,2295.0,2294.5,2293.5,2293.0,2297.0,2297.5,2298.0,2298.5,2299.0,7,2,2,1,1,5,1,2,2,1
20191128,15:56:18.0,2019-11-28 15:56:18,ZS3M,LME,2294.0,0,880,0.0,2293.0,2308.0,2290.0,0.0,0.0,1.7976931348623157e+308,1.7976931348623157e+308,0.0,2295.5,2295.0,2294.5,2293.5,2293.0,2296.5,2297.5,2298.0,2298.5,2299.0,7,2,2,1,1,1,1,2,2,1
20191128,15:56:19.0,2019-11-28 15:56:19,ZS3M,LME,2294.0,0,880,0.0,2293.0,2308.0,2290.0,0.0,0.0,1.7976931348623157e+308,1.7976931348623157e+308,0.0,2295.5,2295.0,2294.5,2293.5,2293.0,2297.0,2297.0,2297.5,2298.0,2298.5,7,1,2,1,1,5,5,1,1,2
20191128,15:57:06.0,2019-11-28 15:57:06,ZS3M,LME,2294.0,0,880,0.0,2293.0,2308.0,2290.0,0.0,0.0,1.7976931348623157e+308,1.7976931348623157e+308,0.0,2295.5,2295.0,2294.5,2293.5,2293.0,2297.0,2297.5,2298.0,2298.5,2299.0,7,1,2,1,1,6,1,1,2,1
20191128,15:57:27.0,2019-11-28 15:57:27,ZS3M,LME,2294.0,0,880,0.0,2293.0,2308.0,2290.0,0.0,0.0,1.7976931348623157e+308,1.7976931348623157e+308,0.0,2295.5,2294.5,2293.5,2293.0,2292.5,2296.5,2297.0,2297.5,2298.0,2298.5,6,2,1,1,2,2,6,1,1,2
20191128,15:57:28.0,2019-11-28 15:57:28,ZS3M,LME,2294.0,0,880,0.0,2293.0,2308.0,2290.0,0.0,0.0,1.7976931348623157e+308,1.7976931348623157e+308,0.0,2295.5,2294.5,2293.5,2293.0,2292.5,2296.5,2297.0,2297.5,2298.0,2298.5,6,2,1,1,2,1,6,1,1,2
20191128,15:57:34.0,2019-11-28 15:57:34,ZS3M,LME,2294.0,0,880,0.0,2293.0,2308.0,2290.0,0.0,0.0,1.7976931348623157e+308,1.7976931348623157e+308,0.0,2295.5,2294.5,2293.5,2293.0,2292.5,2296.5,2297.0,2297.5,2298.0,2298.5,5,2,1,1,2,1,6,1,1,2
20191128,15:57:35.0,2019-11-28 15:57:35,ZS3M,LME,2294.0,0,880,0.0,2293.0,2308.0,2290.0,0.0,0.0,1.7976931348623157e+308,1.7976931348623157e+308,0.0,2296.0,2295.5,2294.5,2293.5,2293.0,2296.5,2297.0,2297.5,2298.0,2298.5,4,2,1,1,1,1,6,1,1,2
20191128,15:57:42.0,2019-11-28 15:57:42,ZS3M,LME,2294.0,0,880,0.0,2293.0,2308.0,2290.0,0.0,0.0,1.7976931348623157e+308,1.7976931348623157e+308,0.0,2296.0,2295.5,2294.5,2293.5,2293.0,2297.0,2297.5,2298.0,2298.5,2299.0,5,2,1,1,1,5,1,1,2,1
20191128,15:58:40.0,2019-11-28 15:58:40,ZS3M,LME,2294.0,0,880,0.0,2293.0,2308.0,2290.0,0.0,0.0,1.7976931348623157e+308,1.7976931348623157e+308,0.0,2296.5,2295.5,2294.5,2293.5,2293.0,2297.0,2297.5,2298.0,2298.5,2299.0,1,1,1,1,1,5,1,1,2,1
20191128,15:58:41.0,2019-11-28 15:58:41,ZS3M,LME,2296.5,0,881,0.0,2293.0,2308.0,2290.0,0.0,0.0,1.7976931348623157e+308,1.7976931348623157e+308,0.0,2296.0,2295.5,2294.5,2293.5,2293.0,2297.0,2297.5,2298.0,2298.5,2299.0,5,1,1,1,1,5,1,1,2,1
20191128,15:58:43.0,2019-11-28 15:58:43,ZS3M,LME,2296.0,0,886,0.0,2293.0,2308.0,2290.0,0.0,0.0,1.7976931348623157e+308,1.7976931348623157e+308,0.0,2295.5,2294.5,2293.5,2293.0,2292.5,2297.0,2297.5,2298.0,2298.5,2299.0,1,1,1,1,2,5,2,1,2,1
20191128,15:59:22.0,2019-11-28 15:59:22,ZS3M,LME,2296.0,0,886,0.0,2293.0,2308.0,2290.0,0.0,0.0,1.7976931348623157e+308,1.7976931348623157e+308,0.0,2295.5,2294.5,2293.5,2293.0,2292.5,2297.0,2297.5,2298.0,2298.5,2299.0,2,1,1,2,2,5,2,1,2,1
20191128,15:59:59.0,2019-11-28 15:59:59,ZS3M,LME,2296.0,0,886,0.0,2293.0,2308.0,2290.0,0.0,0.0,1.7976931348623157e+308,1.7976931348623157e+308,0.0,2295.5,2294.5,2293.5,2293.0,2292.5,2297.0,2297.5,2298.0,2298.5,2299.0,2,1,1,2,2,6,2,1,2,1
20191128,16:00:15.0,2019-11-28 16:00:15,ZS3M,LME,2297.0,0,887,0.0,2293.0,2308.0,2290.0,0.0,0.0,1.7976931348623157e+308,1.7976931348623157e+308,0.0,2295.5,2294.5,2294.0,2293.5,2293.0,2296.5,2297.0,2297.5,2298.0,2298.5,2,1,1,2,2,2,6,2,1,2
20191128,16:00:21.0,2019-11-28 16:00:21,ZS3M,LME,2295.5,0,889,0.0,2293.0,2308.0,2290.0,0.0,0.0,1.7976931348623157e+308,1.7976931348623157e+308,0.0,2294.0,2293.5,2293.0,2292.5,2292.0,2295.5,2296.0,2296.5,2297.0,2297.5,1,1,2,2,4,2,6,4,3,1
20191128,16:00:21.0,2019-11-28 16:00:21,ZS3M,LME,2294.5,0,894,0.0,2293.0,2308.0,2290.0,0.0,0.0,1.7976931348623157e+308,1.7976931348623157e+308,0.0,2294.0,2293.5,2293.0,2292.5,2292.0,2295.5,2296.5,2297.0,2297.5,2298.0,1,1,2,2,4,4,1,3,1,1
20191128,16:00:22.0,2019-11-28 16:00:22,ZS3M,LME,2294.5,0,894,0.0,2293.0,2308.0,2290.0,0.0,0.0,1.7976931348623157e+308,1.7976931348623157e+308,0.0,2294.0,2293.5,2293.0,2292.5,2292.0,2295.5,2296.5,2297.0,2297.5,2298.0,2,1,2,2,4,4,1,3,1,1
20191128,16:00:27.0,2019-11-28 16:00:27,ZS3M,LME,2294.5,0,894,0.0,2293.0,2308.0,2290.0,0.0,0.0,1.7976931348623157e+308,1.7976931348623157e+308,0.0,2294.0,2293.5,2293.0,2292.5,2292.0,2295.5,2296.5,2297.0,2297.5,2298.0,1,1,2,2,4,4,1,3,1,1
20191128,16:00:30.0,2019-11-28 16:00:30,ZS3M,LME,2294.5,0,894,0.0,2293.0,2308.0,2290.0,0.0,0.0,1.7976931348623157e+308,1.7976931348623157e+308,0.0,2293.5,2293.0,2292.5,2292.0,2291.5,2295.0,2295.5,2296.5,2297.0,2297.5,1,2,2,4,2,3,4,1,3,1
20191128,16:00:31.0,2019-11-28 16:00:31,ZS3M,LME,2294.5,0,894,0.0,2293.0,2308.0,2290.0,0.0,0.0,1.7976931348623157e+308,1.7976931348623157e+308,0.0,2293.5,2293.0,2292.5,2292.0,2291.5,2294.0,2294.5,2295.0,2295.5,2296.5,1,2,2,4,2,1,3,1,1,1
20191128,16:00:33.0,2019-11-28 16:00:33,ZS3M,LME,2294.5,0,894,0.0,2293.0,2308.0,2290.0,0.0,0.0,1.7976931348623157e+308,1.7976931348623157e+308,0.0,2293.5,2293.0,2292.5,2292.0,2291.5,2294.0,2294.5,2295.0,2295.5,2296.5,1,2,2,4,2,2,3,1,1,1
20191128,16:00:34.0,2019-11-28 16:00:34,ZS3M,LME,2293.5,0,895,0.0,2293.0,2308.0,2290.0,0.0,0.0,1.7976931348623157e+308,1.7976931348623157e+308,0.0,2293.0,2292.5,2292.0,2291.5,2291.0,2294.0,2294.5,2295.0,2295.5,2296.5,2,2,4,2,3,2,1,1,1,1
20191128,16:00:42.0,2019-11-28 16:00:42,ZS3M,LME,2293.5,0,895,0.0,2293.0,2308.0,2290.0,0.0,0.0,1.7976931348623157e+308,1.7976931348623157e+308,0.0,2293.0,2292.5,2292.0,2291.5,2291.0,2294.0,2294.5,2295.0,2295.5,2296.5,3,2,4,2,3,2,1,1,1,1
20191128,16:00:43.0,2019-11-28 16:00:43,ZS3M,LME,2293.5,0,895,0.0,2293.0,2308.0,2290.0,0.0,0.0,1.7976931348623157e+308,1.7976931348623157e+308,0.0,2293.0,2292.5,2292.0,2291.5,2291.0,2294.0,2294.5,2295.0,2295.5,2296.5,3,2,4,2,3,4,1,1,1,1
20191128,16:00:47.0,2019-11-28 16:00:47,ZS3M,LME,2293.0,0,910,0.0,2293.0,2308.0,2290.0,0.0,0.0,1.7976931348623157e+308,1.7976931348623157e+308,0.0,2293.0,2292.5,2292.0,2291.5,2291.0,2294.0,2294.5,2295.0,2295.5,2296.5,1,2,4,2,3,4,1,1,1,1
20191128,16:00:47.0,2019-11-28 16:00:47,ZS3M,LME,2293.0,0,912,0.0,2293.0,2308.0,2290.0,0.0,0.0,1.7976931348623157e+308,1.7976931348623157e+308,0.0,2293.0,2292.5,2292.0,2291.5,2291.0,2294.0,2294.5,2295.0,2295.5,2296.5,1,2,3,2,3,4,1,1,1,1
20191128,16:01:02.0,2019-11-28 16:01:02,ZS3M,LME,2293.0,0,912,0.0,2293.0,2308.0,2290.0,0.0,0.0,1.7976931348623157e+308,1.7976931348623157e+308,0.0,2293.0,2292.5,2292.0,2291.5,2291.0,2294.0,2294.5,2295.0,2295.5,2296.5,1,2,3,2,3,6,1,1,1,1
20191128,16:01:03.0,2019-11-28 16:01:03,ZS3M,LME,2293.0,0,912,0.0,2293.0,2308.0,2290.0,0.0,0.0,1.7976931348623157e+308,1.7976931348623157e+308,0.0,2293.0,2292.5,2292.0,2291.5,2291.0,2294.0,2294.5,2295.0,2295.5,2296.5,1,2,3,3,3,4,1,1,1,1
20191128,16:01:07.0,2019-11-28 16:01:07,ZS3M,LME,2293.0,0,912,0.0,2293.0,2308.0,2290.0,0.0,0.0,1.7976931348623157e+308,1.7976931348623157e+308,0.0,2293.0,2292.5,2292.0,2291.5,2291.0,2294.0,2294.5,2295.0,2295.5,2296.5,2,2,3,3,3,4,1,1,1,1
20191128,16:01:12.0,2019-11-28 16:01:12,ZS3M,LME,2293.0,0,912,0.0,2293.0,2308.0,2290.0,0.0,0.0,1.7976931348623157e+308,1.7976931348623157e+308,0.0,2293.0,2292.5,2292.0,2291.5,2291.0,2294.0,2294.5,2295.0,2295.5,2296.5,1,3,3,3,3,4,1,1,1,1
20191128,16:01:14.0,2019-11-28 16:01:14,ZS3M,LME,2293.0,0,912,0.0,2293.0,2308.0,2290.0,0.0,0.0,1.7976931348623157e+308,1.7976931348623157e+308,0.0,2293.0,2292.5,2292.0,2291.5,2291.0,2294.0,2294.5,2295.0,2295.5,2296.5,2,3,3,3,3,4,1,1,1,1
20191128,16:01:45.0,2019-11-28 16:01:45,ZS3M,LME,2293.0,0,913,0.0,2293.0,2308.0,2290.0,0.0,0.0,1.7976931348623157e+308,1.7976931348623157e+308,0.0,2293.0,2292.5,2292.0,2291.5,2291.0,2294.0,2294.5,2295.0,2295.5,2296.5,2,1,4,3,3,4,1,1,1,1
20191128,16:01:45.0,2019-11-28 16:01:45,ZS3M,LME,2293.0,0,917,0.0,2293.0,2308.0,2290.0,0.0,0.0,1.7976931348623157e+308,1.7976931348623157e+308,0.0,2293.0,2292.5,2292.0,2291.5,2291.0,2294.0,2294.5,2295.0,2295.5,2296.5,2,2,4,3,3,4,1,1,1,1
20191128,16:01:45.0,2019-11-28 16:01:45,ZS3M,LME,2294.0,0,921,0.0,2293.0,2308.0,2290.0,0.0,0.0,1.7976931348623157e+308,1.7976931348623157e+308,0.0,2293.5,2293.0,2292.5,2292.0,2291.5,2295.5,2296.5,2297.0,2297.5,2298.0,2,2,2,4,3,2,2,3,1,1
20191128,16:01:50.0,2019-11-28 16:01:50,ZS3M,LME,2294.0,0,921,0.0,2293.0,2308.0,2290.0,0.0,0.0,1.7976931348623157e+308,1.7976931348623157e+308,0.0,2293.5,2293.0,2292.5,2292.0,2291.5,2295.5,2296.5,2297.0,2297.5,2298.0,2,2,2,4,3,4,2,3,1,1
20191128,16:01:53.0,2019-11-28 16:01:53,ZS3M,LME,2294.0,0,921,0.0,2293.0,2308.0,2290.0,0.0,0.0,1.7976931348623157e+308,1.7976931348623157e+308,0.0,2293.5,2293.0,2292.5,2292.0,2291.5,2295.5,2296.5,2297.0,2297.5,2298.0,4,2,2,4,3,4,2,3,1,1
20191128,16:01:58.0,2019-11-28 16:01:58,ZS3M,LME,2294.0,0,921,0.0,2293.0,2308.0,2290.0,0.0,0.0,1.7976931348623157e+308,1.7976931348623157e+308,0.0,2293.5,2293.0,2292.5,2292.0,2291.5,2295.5,2296.5,2297.0,2297.5,2298.0,4,2,2,4,3,3,2,3,1,1
20191128,16:02:07.0,2019-11-28 16:02:07,ZS3M,LME,2293.5,0,922,0.0,2293.0,2308.0,2290.0,0.0,0.0,1.7976931348623157e+308,1.7976931348623157e+308,0.0,2293.5,2293.0,2292.5,2292.0,2291.5,2295.5,2296.5,2297.0,2297.5,2298.0,3,2,2,4,3,3,2,3,1,1
20191128,16:02:21.0,2019-11-28 16:02:21,ZS3M,LME,2293.5,0,923,0.0,2293.0,2308.0,2290.0,0.0,0.0,1.7976931348623157e+308,1.7976931348623157e+308,0.0,2293.5,2293.0,2292.5,2292.0,2291.5,2295.5,2296.5,2297.0,2297.5,2298.0,3,2,2,4,3,3,2,3,1,1
20191128,16:02:23.0,2019-11-28 16:02:23,ZS3M,LME,2293.5,0,923,0.0,2293.0,2308.0,2290.0,0.0,0.0,1.7976931348623157e+308,1.7976931348623157e+308,0.0,2293.5,2293.0,2292.5,2292.0,2291.5,2295.5,2296.5,2297.0,2297.5,2298.0,3,2,2,4,3,4,2,3,1,1
20191128,16:02:30.0,2019-11-28 16:02:30,ZS3M,LME,2293.5,0,924,0.0,2293.0,2308.0,2290.0,0.0,0.0,1.7976931348623157e+308,1.7976931348623157e+308,0.0,2293.5,2293.0,2292.5,2292.0,2291.5,2295.5,2296.5,2297.0,2297.5,2298.0,1,1,1,3,2,4,2,3,1,1
20191128,16:02:31.0,2019-11-28 16:02:31,ZS3M,LME,2294.5,0,926,0.0,2293.0,2308.0,2290.0,0.0,0.0,1.7976931348623157e+308,1.7976931348623157e+308,0.0,2293.0,2293.0,2292.5,2292.0,2291.5,2294.5,2296.5,2297.0,2297.5,2298.0,1,1,1,3,2,2,2,3,1,1
20191128,16:02:31.0,2019-11-28 16:02:31,ZS3M,LME,2293.0,0,927,0.0,2293.0,2308.0,2290.0,0.0,0.0,1.7976931348623157e+308,1.7976931348623157e+308,0.0,2293.0,2292.5,2292.0,2291.5,2291.0,2294.5,2295.0,2295.5,2296.5,2297.0,1,1,3,2,3,2,3,4,2,3
20191128,16:02:32.0,2019-11-28 16:02:32,ZS3M,LME,2293.0,0,927,0.0,2293.0,2308.0,2290.0,0.0,0.0,1.7976931348623157e+308,1.7976931348623157e+308,0.0,2293.0,2292.5,2292.0,2291.5,2291.0,2294.0,2294.5,2295.0,2295.5,2296.5,1,1,3,2,3,2,4,3,1,2
20191128,16:02:35.0,2019-11-28 16:02:35,ZS3M,LME,2293.0,0,927,0.0,2293.0,2308.0,2290.0,0.0,0.0,1.7976931348623157e+308,1.7976931348623157e+308,0.0,2293.5,2293.0,2292.5,2292.0,2291.5,2294.5,2295.0,2295.5,2296.5,2297.0,1,1,2,3,2,4,3,1,2,3
20191128,16:02:37.0,2019-11-28 16:02:37,ZS3M,LME,2293.5,0,928,0.0,2293.0,2308.0,2290.0,0.0,0.0,1.7976931348623157e+308,1.7976931348623157e+308,0.0,2293.5,2293.0,2292.5,2292.0,2291.5,2294.5,2295.0,2295.5,2296.5,2297.0,1,1,2,3,2,4,3,1,2,3
20191128,16:02:40.0,2019-11-28 16:02:40,ZS3M,LME,2293.5,0,929,0.0,2293.0,2308.0,2290.0,0.0,0.0,1.7976931348623157e+308,1.7976931348623157e+308,0.0,2293.5,2293.0,2292.5,2292.0,2291.5,2294.5,2295.0,2295.5,2296.5,2297.0,1,2,2,3,2,4,3,1,2,3
20191128,16:02:42.0,2019-11-28 16:02:42,ZS3M,LME,2294.0,0,932,0.0,2293.0,2308.0,2290.0,0.0,0.0,1.7976931348623157e+308,1.7976931348623157e+308,0.0,2293.5,2293.0,2292.5,2292.0,2291.5,2294.0,2295.0,2295.5,2296.5,2297.0,1,2,1,3,2,2,3,1,2,3
20191128,16:02:44.0,2019-11-28 16:02:44,ZS3M,LME,2293.5,0,933,0.0,2293.0,2308.0,2290.0,0.0,0.0,1.7976931348623157e+308,1.7976931348623157e+308,0.0,2293.0,2292.5,2292.0,2291.5,2291.0,2294.0,2294.5,2295.0,2295.5,2296.5,2,1,3,2,3,4,1,3,1,2
20191128,16:03:10.0,2019-11-28 16:03:10,ZS3M,LME,2293.5,0,933,0.0,2293.0,2308.0,2290.0,0.0,0.0,1.7976931348623157e+308,1.7976931348623157e+308,0.0,2293.0,2292.5,2292.0,2291.5,2291.0,2293.5,2294.5,2295.0,2295.5,2296.5,2,1,3,2,3,1,1,3,1,2
20191128,16:03:16.0,2019-11-28 16:03:16,ZS3M,LME,2293.5,0,937,0.0,2293.0,2308.0,2290.0,0.0,0.0,1.7976931348623157e+308,1.7976931348623157e+308,0.0,2293.0,2292.5,2292.0,2291.5,2291.0,2294.0,2294.5,2295.0,2295.5,2296.5,1,1,3,2,3,1,1,1,1,2
20191128,16:03:27.0,2019-11-28 16:03:27,ZS3M,LME,2293.5,0,937,0.0,2293.0,2308.0,2290.0,0.0,0.0,1.7976931348623157e+308,1.7976931348623157e+308,0.0,2293.0,2292.5,2292.0,2291.5,2291.0,2294.0,2294.5,2295.0,2295.5,2296.5,1,1,3,2,3,3,1,1,1,2
20191128,16:03:36.0,2019-11-28 16:03:36,ZS3M,LME,2293.5,0,937,0.0,2293.0,2308.0,2290.0,0.0,0.0,1.7976931348623157e+308,1.7976931348623157e+308,0.0,2293.0,2292.5,2292.0,2291.5,2291.0,2294.0,2294.5,2295.0,2295.5,2296.5,2,1,3,2,3,3,1,1,1,2
20191128,16:03:41.0,2019-11-28 16:03:41,ZS3M,LME,2293.5,0,938,0.0,2293.0,2308.0,2290.0,0.0,0.0,1.7976931348623157e+308,1.7976931348623157e+308,0.0,2293.5,2293.0,2292.5,2292.0,2291.5,2294.0,2294.5,2295.0,2295.5,2296.5,1,2,1,3,2,2,1,1,1,2
20191128,16:03:42.0,2019-11-28 16:03:42,ZS3M,LME,2293.5,0,938,0.0,2293.0,2308.0,2290.0,0.0,0.0,1.7976931348623157e+308,1.7976931348623157e+308,0.0,2293.5,2293.0,2292.5,2292.0,2291.5,2294.5,2295.0,2295.5,2296.5,2297.0,2,1,1,3,2,3,1,1,2,3
20191128,16:04:22.0,2019-11-28 16:04:22,ZS3M,LME,2293.5,0,938,0.0,2293.0,2308.0,2290.0,0.0,0.0,1.7976931348623157e+308,1.7976931348623157e+308,0.0,2293.5,2293.0,2292.5,2292.0,2291.5,2294.5,2295.0,2295.5,2296.5,2297.0,3,1,1,3,2,3,1,1,2,3
20191128,16:04:23.0,2019-11-28 16:04:23,ZS3M,LME,2293.5,0,938,0.0,2293.0,2308.0,2290.0,0.0,0.0,1.7976931348623157e+308,1.7976931348623157e+308,0.0,2293.5,2293.0,2292.5,2292.0,2291.5,2294.5,2295.0,2295.5,2296.5,2297.0,3,1,1,3,2,2,1,1,2,3
20191128,16:04:31.0,2019-11-28 16:04:31,ZS3M,LME,2293.5,0,938,0.0,2293.0,2308.0,2290.0,0.0,0.0,1.7976931348623157e+308,1.7976931348623157e+308,0.0,2293.5,2293.0,2292.5,2292.0,2291.5,2295.5,2296.5,2297.0,2297.5,2298.0,3,1,1,3,2,3,1,3,1,1
20191128,16:04:32.0,2019-11-28 16:04:32,ZS3M,LME,2293.5,0,938,0.0,2293.0,2308.0,2290.0,0.0,0.0,1.7976931348623157e+308,1.7976931348623157e+308,0.0,2294.0,2293.5,2293.0,2292.5,2292.0,2295.5,2296.5,2297.0,2297.5,2298.0,3,2,1,1,3,3,1,3,1,1
20191128,16:05:04.0,2019-11-28 16:05:04,ZS3M,LME,2293.5,0,938,0.0,2293.0,2308.0,2290.0,0.0,0.0,1.7976931348623157e+308,1.7976931348623157e+308,0.0,2294.0,2293.5,2293.0,2292.0,2291.5,2295.5,2296.0,2296.5,2297.0,2297.5,3,1,2,3,2,4,1,1,3,1
20191128,16:05:08.0,2019-11-28 16:05:08,ZS3M,LME,2293.5,0,938,0.0,2293.0,2308.0,2290.0,0.0,0.0,1.7976931348623157e+308,1.7976931348623157e+308,0.0,2294.0,2293.5,2293.0,2292.0,2291.5,2295.5,2296.5,2297.0,2297.5,2298.0,3,1,2,3,2,5,1,3,1,1
20191128,16:05:10.0,2019-11-28 16:05:10,ZS3M,LME,2293.5,0,938,0.0,2293.0,2308.0,2290.0,0.0,0.0,1.7976931348623157e+308,1.7976931348623157e+308,0.0,2294.0,2293.5,2293.0,2292.0,2291.5,2295.5,2296.5,2297.0,2297.5,2298.0,3,1,2,3,2,4,1,3,1,1
20191128,16:05:17.0,2019-11-28 16:05:17,ZS3M,LME,2293.5,0,938,0.0,2293.0,2308.0,2290.0,0.0,0.0,1.7976931348623157e+308,1.7976931348623157e+308,0.0,2294.0,2293.5,2292.0,2291.5,2291.0,2295.5,2296.5,2297.0,2297.5,2298.0,4,1,3,2,3,3,2,3,1,1
20191128,16:05:22.0,2019-11-28 16:05:22,ZS3M,LME,2293.5,0,938,0.0,2293.0,2308.0,2290.0,0.0,0.0,1.7976931348623157e+308,1.7976931348623157e+308,0.0,2294.0,2293.5,2292.0,2291.5,2291.0,2295.5,2296.5,2297.0,2297.5,2298.0,5,1,3,2,3,3,1,3,1,1
20191128,16:05:40.0,2019-11-28 16:05:40,ZS3M,LME,2293.5,0,938,0.0,2293.0,2308.0,2290.0,0.0,0.0,1.7976931348623157e+308,1.7976931348623157e+308,0.0,2294.0,2293.5,2293.0,2292.5,2292.0,2295.5,2296.5,2297.0,2297.5,2298.0,4,1,1,1,3,3,1,3,1,1
20191128,16:05:44.0,2019-11-28 16:05:44,ZS3M,LME,2294.0,0,942,0.0,2293.0,2308.0,2290.0,0.0,0.0,1.7976931348623157e+308,1.7976931348623157e+308,0.0,2293.0,2292.5,2292.0,2291.5,2291.0,2295.0,2295.5,2296.5,2297.0,2297.5,2,1,3,2,3,2,4,2,3,1
20191128,16:05:45.0,2019-11-28 16:05:45,ZS3M,LME,2294.0,0,942,0.0,2293.0,2308.0,2290.0,0.0,0.0,1.7976931348623157e+308,1.7976931348623157e+308,0.0,2293.0,2292.5,2292.0,2291.5,2291.0,2294.5,2294.5,2295.0,2295.5,2296.5,2,1,3,2,3,1,1,2,4,1
20191128,16:05:46.0,2019-11-28 16:05:46,ZS3M,LME,2294.0,0,942,0.0,2293.0,2308.0,2290.0,0.0,0.0,1.7976931348623157e+308,1.7976931348623157e+308,0.0,2292.5,2292.0,2291.5,2291.0,2290.5,2294.5,2294.5,2295.0,2295.5,2296.5,2,3,2,3,2,1,1,2,3,1
20191128,16:05:47.0,2019-11-28 16:05:47,ZS3M,LME,2294.0,0,942,0.0,2293.0,2308.0,2290.0,0.0,0.0,1.7976931348623157e+308,1.7976931348623157e+308,0.0,2292.5,2292.0,2291.5,2291.0,2290.5,2294.5,2295.0,2295.5,2296.5,2297.0,2,3,2,3,2,3,2,3,1,3
20191128,16:06:04.0,2019-11-28 16:06:04,ZS3M,LME,2294.0,0,942,0.0,2293.0,2308.0,2290.0,0.0,0.0,1.7976931348623157e+308,1.7976931348623157e+308,0.0,2293.5,2293.0,2292.5,2292.0,2291.5,2294.5,2295.0,2295.5,2296.0,2296.5,1,1,2,3,2,3,2,1,1,1
20191128,16:06:09.0,2019-11-28 16:06:09,ZS3M,LME,2294.0,0,942,0.0,2293.0,2308.0,2290.0,0.0,0.0,1.7976931348623157e+308,1.7976931348623157e+308,0.0,2293.5,2293.0,2292.5,2292.0,2291.5,2294.5,2295.0,2295.5,2296.0,2296.5,2,1,2,3,2,3,1,1,1,1
20191128,16:06:10.0,2019-11-28 16:06:10,ZS3M,LME,2294.0,0,942,0.0,2293.0,2308.0,2290.0,0.0,0.0,1.7976931348623157e+308,1.7976931348623157e+308,0.0,2293.5,2293.0,2292.5,2292.0,2291.5,2294.5,2295.0,2295.5,2296.0,2296.5,1,1,2,3,2,3,1,1,1,1
20191128,16:06:42.0,2019-11-28 16:06:42,ZS3M,LME,2294.5,0,944,0.0,2293.0,2308.0,2290.0,0.0,0.0,1.7976931348623157e+308,1.7976931348623157e+308,0.0,2293.5,2293.0,2292.5,2292.0,2291.5,2294.5,2295.0,2295.5,2296.5,2297.0,2,1,1,4,2,1,1,1,1,3
20191128,16:06:43.0,2019-11-28 16:06:43,ZS3M,LME,2294.5,0,944,0.0,2293.0,2308.0,2290.0,0.0,0.0,1.7976931348623157e+308,1.7976931348623157e+308,0.0,2293.5,2293.0,2292.5,2292.0,2291.5,2294.5,2295.0,2295.5,2296.5,2297.0,3,1,1,4,2,1,1,1,1,3
20191128,16:06:45.0,2019-11-28 16:06:45,ZS3M,LME,2294.5,0,944,0.0,2293.0,2308.0,2290.0,0.0,0.0,1.7976931348623157e+308,1.7976931348623157e+308,0.0,2294.0,2293.5,2293.0,2292.5,2292.0,2295.5,2296.5,2297.0,2297.5,2298.0,1,3,1,2,4,2,1,3,1,1
20191128,16:06:46.0,2019-11-28 16:06:46,ZS3M,LME,2294.5,0,944,0.0,2293.0,2308.0,2290.0,0.0,0.0,1.7976931348623157e+308,1.7976931348623157e+308,0.0,2293.5,2293.0,2292.5,2292.0,2291.5,2295.5,2296.5,2297.0,2297.5,2298.0,2,1,2,3,2,3,2,3,1,1
20191128,16:06:49.0,2019-11-28 16:06:49,ZS3M,LME,2294.5,0,944,0.0,2293.0,2308.0,2290.0,0.0,0.0,1.7976931348623157e+308,1.7976931348623157e+308,0.0,2293.5,2293.0,2292.5,2292.0,2291.5,2294.5,2296.5,2297.0,2297.5,2298.0,2,1,2,3,2,2,1,3,1,1
20191128,16:06:50.0,2019-11-28 16:06:50,ZS3M,LME,2294.5,0,944,0.0,2293.0,2308.0,2290.0,0.0,0.0,1.7976931348623157e+308,1.7976931348623157e+308,0.0,2293.5,2293.0,2292.5,2292.0,2291.5,2294.5,2295.5,2296.5,2297.0,2297.5,1,1,2,3,2,3,3,1,3,1
20191128,16:06:51.0,2019-11-28 16:06:51,ZS3M,LME,2294.5,0,944,0.0,2293.0,2308.0,2290.0,0.0,0.0,1.7976931348623157e+308,1.7976931348623157e+308,0.0,2293.5,2293.0,2292.5,2292.0,2291.5,2294.5,2295.5,2296.5,2297.0,2297.5,1,1,2,3,2,4,3,1,3,1
20191128,16:07:01.0,2019-11-28 16:07:01,ZS3M,LME,2294.5,0,944,0.0,2293.0,2308.0,2290.0,0.0,0.0,1.7976931348623157e+308,1.7976931348623157e+308,0.0,2293.5,2293.0,2292.5,2292.0,2291.5,2294.5,2295.5,2296.5,2297.0,2297.5,2,1,2,3,2,4,2,1,3,1
20191128,16:07:22.0,2019-11-28 16:07:22,ZS3M,LME,2294.5,0,944,0.0,2293.0,2308.0,2290.0,0.0,0.0,1.7976931348623157e+308,1.7976931348623157e+308,0.0,2294.0,2293.0,2292.5,2292.0,2291.5,2294.5,2295.5,2296.5,2297.0,2297.5,1,1,2,3,2,3,2,1,3,1
20191128,16:07:23.0,2019-11-28 16:07:23,ZS3M,LME,2294.5,0,944,0.0,2293.0,2308.0,2290.0,0.0,0.0,1.7976931348623157e+308,1.7976931348623157e+308,0.0,2294.0,2293.0,2292.5,2292.0,2291.5,2294.5,2295.5,2296.5,2297.0,2297.5,2,1,2,3,2,3,2,2,3,1
20191128,16:07:24.0,2019-11-28 16:07:24,ZS3M,LME,2294.5,0,945,0.0,2293.0,2308.0,2290.0,0.0,0.0,1.7976931348623157e+308,1.7976931348623157e+308,0.0,2294.0,2293.0,2292.5,2292.0,2291.5,2294.5,2295.5,2296.5,2297.0,2297.5,2,1,2,3,2,3,2,2,3,1
20191128,16:07:25.0,2019-11-28 16:07:25,ZS3M,LME,2294.5,0,945,0.0,2293.0,2308.0,2290.0,0.0,0.0,1.7976931348623157e+308,1.7976931348623157e+308,0.0,2294.0,2293.0,2292.5,2292.0,2291.5,2294.5,2295.5,2296.5,2297.0,2297.5,1,1,2,3,2,2,2,2,3,1
20191128,16:07:27.0,2019-11-28 16:07:27,ZS3M,LME,2294.0,0,946,0.0,2293.0,2308.0,2290.0,0.0,0.0,1.7976931348623157e+308,1.7976931348623157e+308,0.0,2293.0,2292.5,2292.0,2291.5,2291.0,2294.5,2295.5,2296.5,2297.0,2297.5,2,2,3,2,3,2,2,1,3,1
20191128,16:07:55.0,2019-11-28 16:07:55,ZS3M,LME,2294.0,0,946,0.0,2293.0,2308.0,2290.0,0.0,0.0,1.7976931348623157e+308,1.7976931348623157e+308,0.0,2293.0,2292.5,2292.0,2291.5,2291.0,2294.5,2295.5,2296.5,2297.0,2297.5,1,2,3,2,3,2,2,1,3,1
20191128,16:07:57.0,2019-11-28 16:07:57,ZS3M,LME,2294.0,0,946,0.0,2293.0,2308.0,2290.0,0.0,0.0,1.7976931348623157e+308,1.7976931348623157e+308,0.0,2292.5,2292.0,2291.5,2291.0,2290.5,2294.0,2294.5,2295.0,2295.5,2296.5,2,3,2,3,2,3,3,1,1,1
20191128,16:08:00.0,2019-11-28 16:08:00,ZS3M,LME,2294.0,0,946,0.0,2293.0,2308.0,2290.0,0.0,0.0,1.7976931348623157e+308,1.7976931348623157e+308,0.0,2292.5,2292.0,2291.5,2291.0,2290.5,2294.0,2294.5,2295.5,2296.5,2297.0,2,3,2,3,2,5,2,1,1,3
20191128,16:08:00.0,2019-11-28 16:08:00,ZS3M,LME,2292.5,0,954,0.0,2293.0,2308.0,2290.0,0.0,0.0,1.7976931348623157e+308,1.7976931348623157e+308,0.0,2292.0,2291.5,2291.0,2290.5,2290.0,2293.0,2294.0,2294.5,2295.5,2296.5,2,1,3,2,6,2,4,1,1,1
20191128,16:08:06.0,2019-11-28 16:08:06,ZS3M,LME,2292.5,0,954,0.0,2293.0,2308.0,2290.0,0.0,0.0,1.7976931348623157e+308,1.7976931348623157e+308,0.0,2292.0,2291.5,2291.0,2290.5,2290.0,2293.5,2294.5,2295.5,2296.5,2297.0,2,1,3,2,6,2,1,1,1,3
20191128,16:08:07.0,2019-11-28 16:08:07,ZS3M,LME,2292.0,0,956,0.0,2293.0,2308.0,2290.0,0.0,0.0,1.7976931348623157e+308,1.7976931348623157e+308,0.0,2291.0,2290.5,2290.0,2290.0,2289.5,2292.0,2293.0,2294.0,2294.5,2295.5,3,2,5,6,2,3,3,4,1,2
20191128,16:08:10.0,2019-11-28 16:08:10,ZS3M,LME,2292.0,0,956,0.0,2293.0,2308.0,2290.0,0.0,0.0,1.7976931348623157e+308,1.7976931348623157e+308,0.0,2291.0,2290.5,2290.0,2289.5,2289.0,2292.0,2293.0,2294.0,2294.5,2295.5,3,2,5,2,2,4,3,2,1,2
20191128,16:08:14.0,2019-11-28 16:08:14,ZS3M,LME,2291.0,0,957,0.0,2293.0,2308.0,2290.0,0.0,0.0,1.7976931348623157e+308,1.7976931348623157e+308,0.0,2291.0,2290.5,2290.0,2289.5,2289.0,2292.0,2293.0,2294.0,2294.5,2295.5,3,2,5,2,2,4,2,2,1,2
20191128,16:08:15.0,2019-11-28 16:08:15,ZS3M,LME,2291.0,0,957,0.0,2293.0,2308.0,2290.0,0.0,0.0,1.7976931348623157e+308,1.7976931348623157e+308,0.0,2291.0,2290.5,2290.0,2289.5,2289.0,2292.0,2293.0,2294.0,2294.5,2295.5,3,2,5,2,2,3,2,2,1,2
20191128,16:08:20.0,2019-11-28 16:08:20,ZS3M,LME,2291.0,0,958,0.0,2293.0,2308.0,2290.0,0.0,0.0,1.7976931348623157e+308,1.7976931348623157e+308,0.0,2291.0,2290.5,2290.0,2289.5,2289.0,2292.0,2293.0,2294.0,2294.5,2295.5,3,2,5,2,2,3,2,2,1,2
20191128,16:08:29.0,2019-11-28 16:08:29,ZS3M,LME,2291.0,0,958,0.0,2293.0,2308.0,2290.0,0.0,0.0,1.7976931348623157e+308,1.7976931348623157e+308,0.0,2291.0,2290.5,2290.0,2289.5,2289.0,2292.0,2293.0,2294.0,2295.5,2297.0,2,2,5,2,2,5,2,2,2,3
20191128,16:08:52.0,2019-11-28 16:08:52,ZS3M,LME,2292.0,0,963,0.0,2293.0,2308.0,2290.0,0.0,0.0,1.7976931348623157e+308,1.7976931348623157e+308,0.0,2291.5,2291.0,2290.5,2290.0,2289.5,2293.0,2294.0,2295.5,2296.5,2297.0,3,2,2,5,2,2,1,1,1,3
20191128,16:09:03.0,2019-11-28 16:09:03,ZS3M,LME,2292.0,0,963,0.0,2293.0,2308.0,2290.0,0.0,0.0,1.7976931348623157e+308,1.7976931348623157e+308,0.0,2291.5,2291.0,2290.5,2290.0,2289.5,2293.0,2294.0,2295.5,2296.5,2297.0,4,2,2,5,2,3,1,1,1,3
20191128,16:09:28.0,2019-11-28 16:09:28,ZS3M,LME,2292.0,0,963,0.0,2293.0,2308.0,2290.0,0.0,0.0,1.7976931348623157e+308,1.7976931348623157e+308,0.0,2291.5,2291.0,2290.5,2290.0,2289.5,2293.0,2294.0,2295.5,2296.5,2297.0,3,3,2,5,2,3,1,1,1,3
20191128,16:09:30.0,2019-11-28 16:09:30,ZS3M,LME,2292.0,0,963,0.0,2293.0,2308.0,2290.0,0.0,0.0,1.7976931348623157e+308,1.7976931348623157e+308,0.0,2292.0,2291.5,2291.0,2290.5,2290.0,2293.0,2294.0,2295.5,2296.5,2297.0,3,2,3,2,5,3,1,1,1,3
20191128,16:09:31.0,2019-11-28 16:09:31,ZS3M,LME,2293.0,0,965,0.0,2293.0,2308.0,2290.0,0.0,0.0,1.7976931348623157e+308,1.7976931348623157e+308,0.0,2292.5,2292.0,2291.5,2291.0,2290.5,2294.0,2295.5,2296.5,2297.0,2297.5,3,2,2,2,2,1,1,1,3,1
20191128,16:09:32.0,2019-11-28 16:09:32,ZS3M,LME,2293.5,0,966,0.0,2293.0,2308.0,2290.0,0.0,0.0,1.7976931348623157e+308,1.7976931348623157e+308,0.0,2292.5,2291.5,2291.0,2290.5,2290.0,2294.0,2295.5,2296.5,2297.0,2297.5,3,1,2,2,5,2,2,1,3,1
20191128,16:09:35.0,2019-11-28 16:09:35,ZS3M,LME,2293.5,0,966,0.0,2293.0,2308.0,2290.0,0.0,0.0,1.7976931348623157e+308,1.7976931348623157e+308,0.0,2292.0,2291.5,2291.0,2290.5,2290.0,2294.0,2295.5,2296.5,2297.0,2297.5,2,1,2,2,5,4,1,1,3,1
20191128,16:09:39.0,2019-11-28 16:09:39,ZS3M,LME,2293.5,0,966,0.0,2293.0,2308.0,2290.0,0.0,0.0,1.7976931348623157e+308,1.7976931348623157e+308,0.0,2292.0,2291.5,2291.0,2290.5,2290.0,2294.0,2295.5,2296.5,2297.0,2297.5,1,1,2,2,5,4,1,1,3,1
20191128,16:09:51.0,2019-11-28 16:09:51,ZS3M,LME,2294.0,0,967,0.0,2293.0,2308.0,2290.0,0.0,0.0,1.7976931348623157e+308,1.7976931348623157e+308,0.0,2292.0,2291.5,2291.0,2290.5,2290.0,2294.0,2295.5,2296.5,2297.0,2297.5,1,1,2,2,5,4,1,1,3,1
20191128,16:09:52.0,2019-11-28 16:09:52,ZS3M,LME,2294.0,0,967,0.0,2293.0,2308.0,2290.0,0.0,0.0,1.7976931348623157e+308,1.7976931348623157e+308,0.0,2292.0,2291.5,2291.0,2290.5,2290.0,2293.5,2294.0,2295.5,2296.5,2297.0,1,1,2,2,5,3,3,1,1,3
20191128,16:10:13.0,2019-11-28 16:10:13,ZS3M,LME,2294.0,0,967,0.0,2293.0,2308.0,2290.0,0.0,0.0,1.7976931348623157e+308,1.7976931348623157e+308,0.0,2292.0,2291.5,2291.0,2290.5,2290.0,2293.5,2294.0,2295.5,2296.5,2297.0,3,1,2,2,5,2,2,1,1,3
20191128,16:10:25.0,2019-11-28 16:10:25,ZS3M,LME,2294.0,0,967,0.0,2293.0,2308.0,2290.0,0.0,0.0,1.7976931348623157e+308,1.7976931348623157e+308,0.0,2292.0,2291.5,2291.0,2290.5,2290.0,2293.5,2294.0,2295.5,2296.5,2297.0,2,1,2,2,5,2,3,1,1,3
20191128,16:10:33.0,2019-11-28 16:10:33,ZS3M,LME,2292.0,0,969,0.0,2293.0,2308.0,2290.0,0.0,0.0,1.7976931348623157e+308,1.7976931348623157e+308,0.0,2291.0,2290.5,2290.0,2289.5,2289.0,2293.5,2294.0,2295.5,2296.5,2297.0,3,2,5,1,2,3,2,1,1,3
20191128,16:10:58.0,2019-11-28 16:10:58,ZS3M,LME,2292.0,0,969,0.0,2293.0,2308.0,2290.0,0.0,0.0,1.7976931348623157e+308,1.7976931348623157e+308,0.0,2291.0,2290.5,2290.0,2289.5,2289.0,2292.5,2293.0,2293.5,2294.0,2295.5,2,2,5,1,2,1,3,3,3,1
20191128,16:10:59.0,2019-11-28 16:10:59,ZS3M,LME,2292.0,0,969,0.0,2293.0,2308.0,2290.0,0.0,0.0,1.7976931348623157e+308,1.7976931348623157e+308,0.0,2291.0,2290.5,2290.0,2289.5,2289.0,2292.5,2293.0,2293.5,2294.0,2295.5,2,2,5,1,2,2,3,2,3,1
20191128,16:11:02.0,2019-11-28 16:11:02,ZS3M,LME,2292.0,0,969,0.0,2293.0,2308.0,2290.0,0.0,0.0,1.7976931348623157e+308,1.7976931348623157e+308,0.0,2291.0,2290.5,2290.0,2289.5,2289.0,2292.5,2293.0,2293.5,2294.0,2295.5,3,2,5,1,2,2,2,2,3,1
20191128,16:11:09.0,2019-11-28 16:11:09,ZS3M,LME,2292.0,0,969,0.0,2293.0,2308.0,2290.0,0.0,0.0,1.7976931348623157e+308,1.7976931348623157e+308,0.0,2291.0,2290.5,2290.0,2289.5,2289.0,2292.5,2293.0,2293.5,2294.0,2295.5,4,2,5,1,2,2,2,2,3,1
20191128,16:11:21.0,2019-11-28 16:11:21,ZS3M,LME,2292.0,0,969,0.0,2293.0,2308.0,2290.0,0.0,0.0,1.7976931348623157e+308,1.7976931348623157e+308,0.0,2291.5,2291.0,2290.5,2290.0,2289.5,2292.5,2293.0,2293.5,2294.0,2295.5,3,4,2,5,1,1,1,2,3,1
20191128,16:11:22.0,2019-11-28 16:11:22,ZS3M,LME,2292.0,0,969,0.0,2293.0,2308.0,2290.0,0.0,0.0,1.7976931348623157e+308,1.7976931348623157e+308,0.0,2291.5,2291.0,2290.5,2290.0,2289.5,2293.5,2294.0,2295.5,2296.5,2297.0,4,3,2,5,1,1,3,1,1,3
20191128,16:11:23.0,2019-11-28 16:11:23,ZS3M,LME,2292.0,0,969,0.0,2293.0,2308.0,2290.0,0.0,0.0,1.7976931348623157e+308,1.7976931348623157e+308,0.0,2291.5,2291.0,2290.5,2290.0,2289.5,2293.5,2294.0,2295.5,2296.5,2297.0,4,3,2,5,1,2,3,1,1,3
20191128,16:11:24.0,2019-11-28 16:11:24,ZS3M,LME,2292.0,0,969,0.0,2293.0,2308.0,2290.0,0.0,0.0,1.7976931348623157e+308,1.7976931348623157e+308,0.0,2291.5,2291.0,2290.5,2290.0,2289.5,2293.5,2294.0,2295.5,2296.5,2297.0,3,3,2,5,1,3,4,1,1,3
20191128,16:11:37.0,2019-11-28 16:11:37,ZS3M,LME,2292.0,0,969,0.0,2293.0,2308.0,2290.0,0.0,0.0,1.7976931348623157e+308,1.7976931348623157e+308,0.0,2291.5,2291.0,2290.5,2290.0,2289.5,2293.5,2294.0,2295.5,2296.5,2297.0,2,3,2,5,1,3,4,1,1,3
20191128,16:12:07.0,2019-11-28 16:12:07,ZS3M,LME,2291.5,0,970,0.0,2293.0,2308.0,2290.0,0.0,0.0,1.7976931348623157e+308,1.7976931348623157e+308,0.0,2291.0,2290.5,2290.0,2289.5,2289.0,2292.0,2292.5,2293.5,2294.0,2295.5,2,2,5,1,2,2,11,2,4,1
20191128,16:12:34.0,2019-11-28 16:12:34,ZS3M,LME,2291.5,0,970,0.0,2293.0,2308.0,2290.0,0.0,0.0,1.7976931348623157e+308,1.7976931348623157e+308,0.0,2291.0,2290.5,2290.0,2289.5,2289.0,2292.0,2292.5,2293.5,2294.0,2295.5,3,2,5,1,1,2,10,1,3,1
20191128,16:12:41.0,2019-11-28 16:12:41,ZS3M,LME,2291.5,0,970,0.0,2293.0,2308.0,2290.0,0.0,0.0,1.7976931348623157e+308,1.7976931348623157e+308,0.0,2291.5,2290.5,2290.0,2289.5,2289.0,2292.0,2292.5,2293.5,2294.0,2295.5,1,2,5,1,1,2,10,2,3,1
20191128,16:12:42.0,2019-11-28 16:12:42,ZS3M,LME,2291.5,0,970,0.0,2293.0,2308.0,2290.0,0.0,0.0,1.7976931348623157e+308,1.7976931348623157e+308,0.0,2291.5,2291.0,2290.5,2290.0,2289.5,2292.0,2292.5,2293.0,2293.5,2294.0,1,3,2,5,1,2,10,1,1,3
20191128,16:12:46.0,2019-11-28 16:12:46,ZS3M,LME,2291.5,0,971,0.0,2293.0,2308.0,2290.0,0.0,0.0,1.7976931348623157e+308,1.7976931348623157e+308,0.0,2291.5,2291.0,2290.5,2290.0,2289.5,2292.0,2292.5,2293.0,2293.5,2294.0,1,3,2,5,1,2,10,1,1,3
20191128,16:12:47.0,2019-11-28 16:12:47,ZS3M,LME,2291.5,0,972,0.0,2293.0,2308.0,2290.0,0.0,0.0,1.7976931348623157e+308,1.7976931348623157e+308,0.0,2291.5,2291.0,2290.5,2290.0,2289.5,2292.0,2292.5,2293.5,2294.0,2295.5,1,3,2,5,1,2,11,1,3,1
20191128,16:12:47.0,2019-11-28 16:12:47,ZS3M,LME,2291.5,0,973,0.0,2293.0,2308.0,2290.0,0.0,0.0,1.7976931348623157e+308,1.7976931348623157e+308,0.0,2291.0,2290.5,2290.0,2289.5,2289.0,2292.0,2292.5,2293.5,2294.0,2295.5,3,2,5,1,1,2,11,1,3,1
20191128,16:12:50.0,2019-11-28 16:12:50,ZS3M,LME,2291.5,0,973,0.0,2293.0,2308.0,2290.0,0.0,0.0,1.7976931348623157e+308,1.7976931348623157e+308,0.0,2291.0,2290.5,2290.0,2289.5,2289.0,2292.0,2292.5,2293.5,2294.0,2295.5,3,2,5,1,1,2,11,1,3,1
20191128,16:12:51.0,2019-11-28 16:12:51,ZS3M,LME,2291.5,0,973,0.0,2293.0,2308.0,2290.0,0.0,0.0,1.7976931348623157e+308,1.7976931348623157e+308,0.0,2291.0,2290.5,2290.0,2289.5,2289.0,2292.0,2292.5,2293.5,2294.0,2295.5,3,2,5,1,1,1,11,1,3,1
20191128,16:12:52.0,2019-11-28 16:12:52,ZS3M,LME,2291.5,0,973,0.0,2293.0,2308.0,2290.0,0.0,0.0,1.7976931348623157e+308,1.7976931348623157e+308,0.0,2291.0,2290.5,2290.0,2289.5,2289.0,2292.5,2292.5,2293.5,2294.0,2295.5,3,2,5,1,1,11,11,1,3,1
20191128,16:12:53.0,2019-11-28 16:12:53,ZS3M,LME,2291.5,0,973,0.0,2293.0,2308.0,2290.0,0.0,0.0,1.7976931348623157e+308,1.7976931348623157e+308,0.0,2291.0,2290.5,2290.0,2289.5,2289.0,2292.5,2293.5,2294.0,2295.5,2296.5,3,2,5,1,1,12,1,3,1,1
20191128,16:12:54.0,2019-11-28 16:12:54,ZS3M,LME,2291.5,0,973,0.0,2293.0,2308.0,2290.0,0.0,0.0,1.7976931348623157e+308,1.7976931348623157e+308,0.0,2292.0,2291.5,2291.0,2290.5,2290.0,2292.5,2293.5,2294.0,2295.5,2296.5,1,1,3,2,5,12,1,3,1,1
20191128,16:12:55.0,2019-11-28 16:12:55,ZS3M,LME,2291.5,0,973,0.0,2293.0,2308.0,2290.0,0.0,0.0,1.7976931348623157e+308,1.7976931348623157e+308,0.0,2291.5,2291.0,2290.5,2290.0,2289.5,2292.5,2293.5,2294.0,2295.5,2296.5,1,3,2,5,1,12,1,3,1,1
20191128,16:12:55.0,2019-11-28 16:12:55,ZS3M,LME,2292.0,0,975,0.0,2293.0,2308.0,2290.0,0.0,0.0,1.7976931348623157e+308,1.7976931348623157e+308,0.0,2292.0,2290.5,2290.0,2289.5,2289.0,2292.5,2293.5,2294.0,2295.5,2296.5,1,2,5,1,1,12,1,3,1,1
20191128,16:12:55.0,2019-11-28 16:12:55,ZS3M,LME,2292.0,0,977,0.0,2293.0,2308.0,2290.0,0.0,0.0,1.7976931348623157e+308,1.7976931348623157e+308,0.0,2292.0,2291.0,2290.5,2290.0,2289.5,2292.5,2293.5,2294.0,2295.5,2296.5,1,3,2,5,1,12,1,3,1,1
20191128,16:12:56.0,2019-11-28 16:12:56,ZS3M,LME,2292.0,0,979,0.0,2293.0,2308.0,2290.0,0.0,0.0,1.7976931348623157e+308,1.7976931348623157e+308,0.0,2292.0,2291.5,2291.0,2290.5,2290.0,2292.5,2293.5,2294.0,2295.5,2296.5,1,1,4,2,5,11,1,3,1,1
20191128,16:13:02.0,2019-11-28 16:13:02,ZS3M,LME,2292.0,0,980,0.0,2293.0,2308.0,2290.0,0.0,0.0,1.7976931348623157e+308,1.7976931348623157e+308,0.0,2291.0,2290.5,2290.0,2289.5,2289.0,2292.0,2292.5,2293.5,2294.0,2295.0,4,2,5,1,1,2,11,1,3,1
20191128,16:13:02.0,2019-11-28 16:13:02,ZS3M,LME,2292.0,0,983,0.0,2293.0,2308.0,2290.0,0.0,0.0,1.7976931348623157e+308,1.7976931348623157e+308,0.0,2291.0,2290.5,2290.0,2289.5,2289.0,2292.5,2293.5,2294.0,2295.0,2295.5,4,2,5,1,1,11,1,3,1,2
20191128,16:13:28.0,2019-11-28 16:13:28,ZS3M,LME,2292.0,0,983,0.0,2293.0,2308.0,2290.0,0.0,0.0,1.7976931348623157e+308,1.7976931348623157e+308,0.0,2291.0,2290.5,2290.0,2289.5,2289.0,2292.5,2293.5,2294.0,2295.0,2295.5,3,2,5,1,2,11,1,3,1,2
20191128,16:13:31.0,2019-11-28 16:13:31,ZS3M,LME,2292.0,0,983,0.0,2293.0,2308.0,2290.0,0.0,0.0,1.7976931348623157e+308,1.7976931348623157e+308,0.0,2291.0,2290.5,2290.0,2289.5,2289.0,2292.0,2292.5,2293.5,2294.0,2295.0,3,2,5,1,2,1,11,1,3,1
20191128,16:13:32.0,2019-11-28 16:13:32,ZS3M,LME,2292.0,0,983,0.0,2293.0,2308.0,2290.0,0.0,0.0,1.7976931348623157e+308,1.7976931348623157e+308,0.0,2291.0,2290.5,2290.0,2289.5,2289.0,2292.0,2292.5,2293.5,2294.0,2295.0,3,2,5,1,2,2,11,1,3,1
20191128,16:13:35.0,2019-11-28 16:13:35,ZS3M,LME,2291.0,0,986,0.0,2293.0,2308.0,2290.0,0.0,0.0,1.7976931348623157e+308,1.7976931348623157e+308,0.0,2290.0,2289.5,2289.0,2288.5,2288.0,2291.0,2292.0,2292.5,2293.5,2294.0,5,1,1,3,3,2,2,10,1,3
20191128,16:13:36.0,2019-11-28 16:13:36,ZS3M,LME,2291.0,0,986,0.0,2293.0,2308.0,2290.0,0.0,0.0,1.7976931348623157e+308,1.7976931348623157e+308,0.0,2290.0,2289.5,2289.0,2288.5,2288.0,2290.5,2291.0,2292.0,2292.5,2293.0,4,1,1,2,3,1,2,3,10,1
20191128,16:13:38.0,2019-11-28 16:13:38,ZS3M,LME,2290.5,0,987,0.0,2293.0,2308.0,2290.0,0.0,0.0,1.7976931348623157e+308,1.7976931348623157e+308,0.0,2290.0,2289.5,2289.0,2288.5,2288.0,2291.0,2292.0,2292.5,2293.0,2293.5,4,1,1,2,3,2,3,10,1,2
20191128,16:13:39.0,2019-11-28 16:13:39,ZS3M,LME,2290.5,0,987,0.0,2293.0,2308.0,2290.0,0.0,0.0,1.7976931348623157e+308,1.7976931348623157e+308,0.0,2290.5,2290.0,2289.5,2289.0,2288.5,2291.0,2292.0,2292.5,2293.0,2293.5,1,4,1,1,2,3,2,10,1,2
20191128,16:13:41.0,2019-11-28 16:13:41,ZS3M,LME,2291.0,0,988,0.0,2293.0,2308.0,2290.0,0.0,0.0,1.7976931348623157e+308,1.7976931348623157e+308,0.0,2290.5,2290.0,2289.5,2289.0,2288.5,2291.0,2292.0,2292.5,2293.0,2293.5,1,4,1,1,2,3,2,10,1,2
20191128,16:13:50.0,2019-11-28 16:13:50,ZS3M,LME,2291.0,0,989,0.0,2293.0,2308.0,2290.0,0.0,0.0,1.7976931348623157e+308,1.7976931348623157e+308,0.0,2290.5,2290.0,2289.5,2289.0,2288.5,2291.0,2292.0,2292.5,2293.0,2293.5,1,4,1,1,2,3,2,10,1,2
20191128,16:13:51.0,2019-11-28 16:13:51,ZS3M,LME,2291.0,0,989,0.0,2293.0,2308.0,2290.0,0.0,0.0,1.7976931348623157e+308,1.7976931348623157e+308,0.0,2290.5,2290.0,2289.5,2289.0,2288.5,2291.0,2292.0,2292.5,2293.0,2293.5,1,4,1,1,2,2,2,10,1,2
20191128,16:13:58.0,2019-11-28 16:13:58,ZS3M,LME,2291.0,0,989,0.0,2293.0,2308.0,2290.0,0.0,0.0,1.7976931348623157e+308,1.7976931348623157e+308,0.0,2290.0,2289.5,2289.0,2288.5,2288.0,2291.0,2292.0,2292.5,2293.0,2293.5,4,1,1,2,3,2,2,10,1,2
20191128,16:13:58.0,2019-11-28 16:13:58,ZS3M,LME,2290.0,0,993,0.0,2293.0,2308.0,2290.0,0.0,0.0,1.7976931348623157e+308,1.7976931348623157e+308,0.0,2289.5,2289.0,2288.5,2288.0,2287.5,2291.0,2292.0,2292.5,2293.0,2293.5,2,1,2,2,3,2,2,10,1,2
20191128,16:13:59.0,2019-11-28 16:13:59,ZS3M,LME,2290.0,0,993,0.0,2293.0,2308.0,2290.0,0.0,0.0,1.7976931348623157e+308,1.7976931348623157e+308,0.0,2289.5,2289.0,2288.5,2288.0,2287.5,2290.5,2291.0,2292.0,2292.5,2293.0,2,1,2,2,3,2,3,2,10,1
20191128,16:14:09.0,2019-11-28 16:14:09,ZS3M,LME,2290.0,0,993,0.0,2293.0,2308.0,2290.0,0.0,0.0,1.7976931348623157e+308,1.7976931348623157e+308,0.0,2289.5,2289.0,2288.5,2288.0,2287.5,2290.0,2291.0,2292.0,2292.5,2293.0,2,1,2,2,3,1,2,2,10,1
20191128,16:14:10.0,2019-11-28 16:14:10,ZS3M,LME,2290.0,0,993,0.0,2293.0,2308.0,2290.0,0.0,0.0,1.7976931348623157e+308,1.7976931348623157e+308,0.0,2289.5,2289.0,2288.5,2288.0,2287.5,2290.0,2290.5,2291.0,2292.0,2292.5,1,1,2,2,3,1,2,2,2,10
20191128,16:14:11.0,2019-11-28 16:14:11,ZS3M,LME,2290.0,0,993,0.0,2293.0,2308.0,2290.0,0.0,0.0,1.7976931348623157e+308,1.7976931348623157e+308,0.0,2289.5,2289.0,2288.5,2288.0,2287.5,2290.0,2290.5,2291.0,2292.0,2292.5,2,1,2,2,3,1,2,2,2,10
20191128,16:14:12.0,2019-11-28 16:14:12,ZS3M,LME,2290.0,0,993,0.0,2293.0,2308.0,2290.0,0.0,0.0,1.7976931348623157e+308,1.7976931348623157e+308,0.0,2289.5,2289.0,2288.5,2288.0,2287.5,2290.0,2290.5,2291.0,2292.0,2292.5,2,1,2,2,3,2,2,2,2,10
20191128,16:14:14.0,2019-11-28 16:14:14,ZS3M,LME,2290.0,0,994,0.0,2293.0,2308.0,2290.0,0.0,0.0,1.7976931348623157e+308,1.7976931348623157e+308,0.0,2289.5,2289.0,2288.5,2288.0,2287.5,2290.0,2290.5,2291.0,2292.0,2292.5,2,1,2,2,3,2,1,2,2,10
20191128,16:14:14.0,2019-11-28 16:14:14,ZS3M,LME,2290.0,0,1000,0.0,2293.0,2308.0,2290.0,0.0,0.0,1.7976931348623157e+308,1.7976931348623157e+308,0.0,2289.5,2289.0,2288.5,2288.0,2287.5,2290.0,2290.5,2291.0,2292.0,2292.5,2,1,2,2,3,1,1,2,2,10
20191128,16:14:18.0,2019-11-28 16:14:18,ZS3M,LME,2290.0,0,1000,0.0,2293.0,2308.0,2290.0,0.0,0.0,1.7976931348623157e+308,1.7976931348623157e+308,0.0,2289.5,2289.0,2288.5,2288.0,2287.5,2290.0,2290.5,2291.0,2292.0,2292.5,2,1,2,2,3,2,1,2,2,10
20191128,16:14:21.0,2019-11-28 16:14:21,ZS3M,LME,2290.0,0,1000,0.0,2293.0,2308.0,2290.0,0.0,0.0,1.7976931348623157e+308,1.7976931348623157e+308,0.0,2289.5,2289.0,2288.5,2288.0,2287.5,2290.0,2290.5,2291.0,2292.0,2292.5,2,1,2,2,3,1,1,2,2,10
20191128,16:14:24.0,2019-11-28 16:14:24,ZS3M,LME,2290.0,0,1000,0.0,2293.0,2308.0,2290.0,0.0,0.0,1.7976931348623157e+308,1.7976931348623157e+308,0.0,2289.5,2289.0,2288.5,2288.0,2287.5,2290.5,2291.0,2292.0,2292.5,2293.0,2,1,2,2,3,2,2,2,10,1
20191128,16:14:39.0,2019-11-28 16:14:39,ZS3M,LME,2290.0,0,1000,0.0,2293.0,2308.0,2290.0,0.0,0.0,1.7976931348623157e+308,1.7976931348623157e+308,0.0,2289.5,2289.0,2288.5,2288.0,2287.5,2290.0,2290.5,2291.0,2292.0,2293.0,2,1,2,2,3,1,2,2,1,2
20191128,16:14:42.0,2019-11-28 16:14:42,ZS3M,LME,2290.0,0,1000,0.0,2293.0,2308.0,2290.0,0.0,0.0,1.7976931348623157e+308,1.7976931348623157e+308,0.0,2289.5,2289.0,2288.5,2288.0,2287.5,2290.0,2290.5,2291.0,2292.0,2293.0,2,1,2,2,3,2,2,2,1,2
20191128,16:14:45.0,2019-11-28 16:14:45,ZS3M,LME,2290.0,0,1000,0.0,2293.0,2308.0,2290.0,0.0,0.0,1.7976931348623157e+308,1.7976931348623157e+308,0.0,2289.5,2289.0,2288.5,2288.0,2287.5,2290.0,2290.5,2291.0,2292.0,2293.0,2,1,2,2,3,3,1,1,1,2
20191128,16:14:46.0,2019-11-28 16:14:46,ZS3M,LME,2290.0,0,1000,0.0,2293.0,2308.0,2290.0,0.0,0.0,1.7976931348623157e+308,1.7976931348623157e+308,0.0,2289.5,2289.0,2288.5,2288.0,2287.5,2290.0,2290.5,2291.0,2292.0,2293.0,1,1,2,2,3,3,1,1,1,2
20191128,16:14:48.0,2019-11-28 16:14:48,ZS3M,LME,2290.0,0,1000,0.0,2293.0,2308.0,2290.0,0.0,0.0,1.7976931348623157e+308,1.7976931348623157e+308,0.0,2289.5,2289.0,2288.5,2288.0,2287.5,2290.0,2290.5,2291.0,2292.0,2293.0,2,1,2,2,3,3,1,1,1,2
20191128,16:14:58.0,2019-11-28 16:14:58,ZS3M,LME,2290.0,0,1000,0.0,2293.0,2308.0,2290.0,0.0,0.0,1.7976931348623157e+308,1.7976931348623157e+308,0.0,2289.5,2289.0,2288.5,2288.0,2287.5,2290.0,2290.5,2291.0,2292.0,2293.0,1,1,2,2,3,3,1,1,1,2
20191128,16:15:05.0,2019-11-28 16:15:05,ZS3M,LME,2290.0,0,1000,0.0,2293.0,2308.0,2290.0,0.0,0.0,1.7976931348623157e+308,1.7976931348623157e+308,0.0,2289.5,2289.0,2288.5,2288.0,2287.5,2290.0,2290.5,2291.0,2292.0,2293.0,1,1,2,2,3,4,1,1,1,2
20191128,16:15:05.0,2019-11-28 16:15:05,ZS3M,LME,2289.5,0,1001,0.0,2293.0,2308.0,2289.5,0.0,0.0,1.7976931348623157e+308,1.7976931348623157e+308,0.0,2289.0,2288.5,2288.0,2287.5,2287.0,2290.0,2290.5,2291.0,2292.0,2293.0,1,2,2,3,9,4,1,1,1,2
20191128,16:15:13.0,2019-11-28 16:15:13,ZS3M,LME,2289.5,0,1001,0.0,2293.0,2308.0,2289.5,0.0,0.0,1.7976931348623157e+308,1.7976931348623157e+308,0.0,2288.0,2287.5,2287.0,2286.5,2286.0,2289.5,2290.0,2290.5,2292.0,2292.5,2,3,9,6,3,2,4,1,1,2
20191128,16:15:14.0,2019-11-28 16:15:14,ZS3M,LME,2289.5,0,1001,0.0,2293.0,2308.0,2289.5,0.0,0.0,1.7976931348623157e+308,1.7976931348623157e+308,0.0,2288.5,2288.0,2287.5,2287.0,2286.5,2289.5,2290.0,2290.5,2292.0,2292.5,2,2,3,9,6,2,4,1,1,2
20191128,16:15:21.0,2019-11-28 16:15:21,ZS3M,LME,2287.5,0,1010,0.0,2293.0,2308.0,2287.5,0.0,0.0,1.7976931348623157e+308,1.7976931348623157e+308,0.0,2287.0,2286.5,2286.0,2285.5,2285.0,2287.5,2288.0,2289.5,2290.0,2290.5,9,6,3,5,8,6,2,2,3,1
20191128,16:15:23.0,2019-11-28 16:15:23,ZS3M,LME,2287.5,0,1010,0.0,2293.0,2308.0,2287.5,0.0,0.0,1.7976931348623157e+308,1.7976931348623157e+308,0.0,2287.0,2286.5,2286.0,2285.5,2285.0,2287.5,2288.0,2289.5,2290.0,2290.5,9,7,3,5,8,9,2,1,2,1
20191128,16:15:27.0,2019-11-28 16:15:27,ZS3M,LME,2287.0,0,1014,0.0,2293.0,2308.0,2287.0,0.0,0.0,1.7976931348623157e+308,1.7976931348623157e+308,0.0,2287.0,2286.5,2286.0,2285.5,2285.0,2287.5,2288.0,2289.5,2290.0,2290.5,9,6,3,5,8,9,2,1,2,1
20191128,16:15:30.0,2019-11-28 16:15:30,ZS3M,LME,2287.0,0,1014,0.0,2293.0,2308.0,2287.0,0.0,0.0,1.7976931348623157e+308,1.7976931348623157e+308,0.0,2287.0,2286.5,2286.0,2285.5,2285.0,2287.5,2288.0,2289.5,2290.0,2290.5,9,6,3,3,8,10,2,1,2,1
20191128,16:15:30.0,2019-11-28 16:15:30,ZS3M,LME,2287.5,0,1015,0.0,2293.0,2308.0,2287.0,0.0,0.0,1.7976931348623157e+308,1.7976931348623157e+308,0.0,2287.0,2286.5,2286.0,2285.5,2285.0,2287.5,2288.0,2289.5,2290.0,2290.5,9,6,3,3,8,10,2,1,2,1
20191128,16:15:32.0,2019-11-28 16:15:32,ZS3M,LME,2287.0,0,1016,0.0,2293.0,2308.0,2287.0,0.0,0.0,1.7976931348623157e+308,1.7976931348623157e+308,0.0,2287.0,2286.5,2286.0,2285.5,2285.0,2287.5,2288.0,2289.5,2290.0,2290.5,9,6,3,3,9,9,2,1,2,1
20191128,16:15:37.0,2019-11-28 16:15:37,ZS3M,LME,2288.0,0,1027,0.0,2293.0,2308.0,2287.0,0.0,0.0,1.7976931348623157e+308,1.7976931348623157e+308,0.0,2287.0,2286.5,2286.0,2285.5,2285.0,2288.5,2289.0,2289.5,2290.0,2290.5,10,6,3,3,9,2,3,3,2,1
20191128,16:15:38.0,2019-11-28 16:15:38,ZS3M,LME,2288.0,0,1027,0.0,2293.0,2308.0,2287.0,0.0,0.0,1.7976931348623157e+308,1.7976931348623157e+308,0.0,2287.0,2286.5,2286.0,2285.5,2285.0,2288.5,2289.0,2289.5,2290.0,2290.5,9,6,3,3,9,2,4,3,2,1
20191128,16:15:43.0,2019-11-28 16:15:43,ZS3M,LME,2288.0,0,1027,0.0,2293.0,2308.0,2287.0,0.0,0.0,1.7976931348623157e+308,1.7976931348623157e+308,0.0,2287.0,2286.5,2286.0,2285.5,2285.0,2288.5,2289.0,2289.5,2290.0,2290.5,9,6,3,3,9,1,4,3,2,1
20191128,16:15:45.0,2019-11-28 16:15:45,ZS3M,LME,2288.0,0,1027,0.0,2293.0,2308.0,2287.0,0.0,0.0,1.7976931348623157e+308,1.7976931348623157e+308,0.0,2287.5,2286.5,2286.0,2285.5,2285.0,2288.5,2289.0,2289.5,2290.0,2290.5,1,6,3,3,9,1,4,3,2,1
20191128,16:15:48.0,2019-11-28 16:15:48,ZS3M,LME,2287.5,0,1028,0.0,2293.0,2308.0,2287.0,0.0,0.0,1.7976931348623157e+308,1.7976931348623157e+308,0.0,2287.5,2287.0,2286.5,2286.0,2285.5,2288.5,2289.0,2289.5,2290.0,2290.5,1,9,6,3,3,2,3,3,2,1
20191128,16:15:49.0,2019-11-28 16:15:49,ZS3M,LME,2287.5,0,1028,0.0,2293.0,2308.0,2287.0,0.0,0.0,1.7976931348623157e+308,1.7976931348623157e+308,0.0,2287.0,2286.5,2286.0,2285.5,2285.0,2288.5,2289.0,2289.5,2290.0,2290.5,10,6,3,3,9,2,3,3,2,1
20191128,16:15:51.0,2019-11-28 16:15:51,ZS3M,LME,2287.5,0,1028,0.0,2293.0,2308.0,2287.0,0.0,0.0,1.7976931348623157e+308,1.7976931348623157e+308,0.0,2287.5,2287.0,2286.5,2286.0,2285.5,2288.5,2289.0,2289.5,2290.0,2290.5,1,10,6,3,3,2,3,3,2,1
20191128,16:15:56.0,2019-11-28 16:15:56,ZS3M,LME,2287.5,0,1029,0.0,2293.0,2308.0,2287.0,0.0,0.0,1.7976931348623157e+308,1.7976931348623157e+308,0.0,2287.5,2287.0,2286.5,2286.0,2285.5,2288.5,2289.0,2289.5,2290.0,2290.5,1,11,6,3,3,2,3,3,2,1
20191128,16:16:02.0,2019-11-28 16:16:02,ZS3M,LME,2287.5,0,1029,0.0,2293.0,2308.0,2287.0,0.0,0.0,1.7976931348623157e+308,1.7976931348623157e+308,0.0,2287.0,2286.5,2286.0,2285.5,2285.0,2288.5,2289.0,2289.5,2290.0,2290.5,12,6,3,3,9,2,3,3,2,1
20191128,16:16:06.0,2019-11-28 16:16:06,ZS3M,LME,2287.5,0,1029,0.0,2293.0,2308.0,2287.0,0.0,0.0,1.7976931348623157e+308,1.7976931348623157e+308,0.0,2287.5,2286.5,2286.0,2285.5,2285.0,2288.5,2289.0,2289.5,2290.0,2290.5,1,6,3,3,9,2,3,3,2,1
20191128,16:16:07.0,2019-11-28 16:16:07,ZS3M,LME,2287.5,0,1029,0.0,2293.0,2308.0,2287.0,0.0,0.0,1.7976931348623157e+308,1.7976931348623157e+308,0.0,2287.5,2287.0,2286.5,2286.0,2285.5,2288.5,2289.0,2289.5,2290.0,2290.5,2,12,6,3,3,2,3,3,2,1
20191128,16:16:09.0,2019-11-28 16:16:09,ZS3M,LME,2287.5,0,1029,0.0,2293.0,2308.0,2287.0,0.0,0.0,1.7976931348623157e+308,1.7976931348623157e+308,0.0,2287.5,2287.0,2286.5,2286.0,2285.5,2288.5,2289.0,2289.5,2290.0,2290.5,4,10,6,2,3,2,3,3,2,1
20191128,16:16:14.0,2019-11-28 16:16:14,ZS3M,LME,2287.5,0,1029,0.0,2293.0,2308.0,2287.0,0.0,0.0,1.7976931348623157e+308,1.7976931348623157e+308,0.0,2287.5,2287.0,2286.5,2286.0,2285.5,2288.5,2289.0,2289.5,2290.0,2290.5,4,10,6,2,3,2,3,3,2,1
20191128,16:16:18.0,2019-11-28 16:16:18,ZS3M,LME,2287.5,0,1029,0.0,2293.0,2308.0,2287.0,0.0,0.0,1.7976931348623157e+308,1.7976931348623157e+308,0.0,2288.0,2287.5,2287.0,2286.5,2286.0,2288.5,2289.0,2289.5,2290.0,2290.5,1,4,10,6,2,2,2,3,2,1
20191128,16:16:19.0,2019-11-28 16:16:19,ZS3M,LME,2287.5,0,1029,0.0,2293.0,2308.0,2287.0,0.0,0.0,1.7976931348623157e+308,1.7976931348623157e+308,0.0,2288.0,2287.5,2287.0,2286.5,2286.0,2288.5,2289.0,2289.5,2290.0,2290.5,2,3,10,6,2,2,2,3,2,1
20191128,16:16:42.0,2019-11-28 16:16:42,ZS3M,LME,2288.5,0,1030,0.0,2293.0,2308.0,2287.0,0.0,0.0,1.7976931348623157e+308,1.7976931348623157e+308,0.0,2288.0,2287.5,2287.0,2286.5,2286.0,2288.5,2289.0,2289.5,2290.0,2290.5,2,2,10,6,2,2,2,3,2,1
20191128,16:16:44.0,2019-11-28 16:16:44,ZS3M,LME,2288.5,0,1031,0.0,2293.0,2308.0,2287.0,0.0,0.0,1.7976931348623157e+308,1.7976931348623157e+308,0.0,2288.0,2287.5,2287.0,2286.5,2286.0,2288.5,2289.0,2289.5,2290.0,2290.5,2,2,10,6,2,1,2,3,2,1
20191128,16:16:52.0,2019-11-28 16:16:52,ZS3M,LME,2288.5,0,1031,0.0,2293.0,2308.0,2287.0,0.0,0.0,1.7976931348623157e+308,1.7976931348623157e+308,0.0,2288.0,2287.5,2287.0,2286.5,2286.0,2289.5,2290.0,2290.5,2291.0,2291.5,2,2,10,6,2,4,2,1,2,1
20191128,16:16:57.0,2019-11-28 16:16:57,ZS3M,LME,2288.0,0,1033,0.0,2293.0,2308.0,2287.0,0.0,0.0,1.7976931348623157e+308,1.7976931348623157e+308,0.0,2287.5,2287.0,2286.5,2286.0,2285.5,2289.5,2290.0,2290.5,2291.0,2291.5,3,10,6,2,4,4,2,1,2,1
20191128,16:17:02.0,2019-11-28 16:17:02,ZS3M,LME,2288.0,0,1033,0.0,2293.0,2308.0,2287.0,0.0,0.0,1.7976931348623157e+308,1.7976931348623157e+308,0.0,2287.5,2287.0,2286.5,2286.0,2285.5,2289.5,2290.0,2290.5,2291.0,2291.5,4,10,6,2,4,4,2,1,2,1
20191128,16:17:03.0,2019-11-28 16:17:03,ZS3M,LME,2288.0,0,1033,0.0,2293.0,2308.0,2287.0,0.0,0.0,1.7976931348623157e+308,1.7976931348623157e+308,0.0,2288.0,2287.0,2286.5,2286.0,2285.5,2289.5,2290.0,2290.5,2291.0,2291.5,2,10,6,2,4,4,2,1,2,1
20191128,16:17:06.0,2019-11-28 16:17:06,ZS3M,LME,2288.0,0,1033,0.0,2293.0,2308.0,2287.0,0.0,0.0,1.7976931348623157e+308,1.7976931348623157e+308,0.0,2288.0,2287.5,2287.0,2286.5,2286.0,2289.5,2290.0,2290.5,2291.0,2291.5,1,3,10,6,2,4,2,1,2,1
20191128,16:17:15.0,2019-11-28 16:17:15,ZS3M,LME,2288.0,0,1033,0.0,2293.0,2308.0,2287.0,0.0,0.0,1.7976931348623157e+308,1.7976931348623157e+308,0.0,2288.0,2287.5,2287.0,2286.5,2286.0,2289.5,2290.0,2290.5,2291.0,2291.5,2,3,10,6,2,3,2,1,2,1
20191128,16:17:25.0,2019-11-28 16:17:25,ZS3M,LME,2288.5,0,1035,0.0,2293.0,2308.0,2287.0,0.0,0.0,1.7976931348623157e+308,1.7976931348623157e+308,0.0,2288.0,2287.5,2287.0,2286.5,2286.0,2289.5,2290.0,2290.5,2291.0,2291.5,2,2,10,6,2,3,2,1,1,1
20191128,16:17:28.0,2019-11-28 16:17:28,ZS3M,LME,2288.5,0,1035,0.0,2293.0,2308.0,2287.0,0.0,0.0,1.7976931348623157e+308,1.7976931348623157e+308,0.0,2288.0,2287.5,2287.0,2286.5,2286.0,2289.5,2290.0,2290.5,2291.0,2291.5,2,2,10,6,2,2,2,1,1,1
20191128,16:17:32.0,2019-11-28 16:17:32,ZS3M,LME,2288.5,0,1035,0.0,2293.0,2308.0,2287.0,0.0,0.0,1.7976931348623157e+308,1.7976931348623157e+308,0.0,2288.0,2287.5,2287.0,2286.5,2286.0,2289.5,2290.0,2290.5,2291.0,2291.5,3,2,10,6,2,2,2,1,1,1
20191128,16:17:35.0,2019-11-28 16:17:35,ZS3M,LME,2288.5,0,1035,0.0,2293.0,2308.0,2287.0,0.0,0.0,1.7976931348623157e+308,1.7976931348623157e+308,0.0,2288.0,2287.5,2287.0,2286.5,2286.0,2289.5,2290.0,2290.5,2291.0,2291.5,4,2,10,6,2,2,2,1,1,1
20191128,16:17:37.0,2019-11-28 16:17:37,ZS3M,LME,2288.5,0,1035,0.0,2293.0,2308.0,2287.0,0.0,0.0,1.7976931348623157e+308,1.7976931348623157e+308,0.0,2288.0,2287.5,2287.0,2286.5,2286.0,2289.5,2290.0,2290.5,2291.0,2291.5,2,2,10,6,3,2,2,1,1,1
20191128,16:17:40.0,2019-11-28 16:17:40,ZS3M,LME,2288.5,0,1035,0.0,2293.0,2308.0,2287.0,0.0,0.0,1.7976931348623157e+308,1.7976931348623157e+308,0.0,2288.0,2287.5,2287.0,2286.5,2286.0,2289.5,2290.0,2290.5,2291.0,2291.5,2,2,10,6,3,3,2,1,1,1
20191128,16:17:43.0,2019-11-28 16:17:43,ZS3M,LME,2288.5,0,1035,0.0,2293.0,2308.0,2287.0,0.0,0.0,1.7976931348623157e+308,1.7976931348623157e+308,0.0,2288.0,2287.5,2287.0,2286.5,2286.0,2289.5,2290.0,2290.5,2291.0,2291.5,2,2,10,6,3,2,2,1,1,1
20191128,16:17:46.0,2019-11-28 16:17:46,ZS3M,LME,2288.5,0,1035,0.0,2293.0,2308.0,2287.0,0.0,0.0,1.7976931348623157e+308,1.7976931348623157e+308,0.0,2288.0,2287.5,2287.0,2286.5,2286.0,2289.5,2290.0,2290.5,2291.0,2291.5,4,2,10,6,3,2,2,1,1,1
20191128,16:17:50.0,2019-11-28 16:17:50,ZS3M,LME,2288.5,0,1035,0.0,2293.0,2308.0,2287.0,0.0,0.0,1.7976931348623157e+308,1.7976931348623157e+308,0.0,2288.0,2287.5,2287.0,2286.5,2286.0,2289.5,2290.0,2290.5,2291.0,2291.5,2,2,10,6,3,2,2,1,1,1
20191128,16:17:51.0,2019-11-28 16:17:51,ZS3M,LME,2288.5,0,1035,0.0,2293.0,2308.0,2287.0,0.0,0.0,1.7976931348623157e+308,1.7976931348623157e+308,0.0,2288.0,2287.5,2287.0,2286.5,2286.0,2289.5,2290.0,2290.5,2291.0,2291.5,2,2,10,6,3,3,2,1,1,1
20191128,16:18:06.0,2019-11-28 16:18:06,ZS3M,LME,2288.5,0,1035,0.0,2293.0,2308.0,2287.0,0.0,0.0,1.7976931348623157e+308,1.7976931348623157e+308,0.0,2288.0,2287.5,2287.0,2286.5,2286.0,2289.5,2290.0,2290.5,2291.0,2291.5,2,2,10,6,3,4,2,1,1,1
20191128,16:18:30.0,2019-11-28 16:18:30,ZS3M,LME,2288.5,0,1035,0.0,2293.0,2308.0,2287.0,0.0,0.0,1.7976931348623157e+308,1.7976931348623157e+308,0.0,2288.0,2287.5,2287.0,2286.5,2286.0,2289.5,2290.0,2290.5,2291.0,2291.5,2,2,10,6,3,5,2,1,1,1
20191128,16:18:39.0,2019-11-28 16:18:39,ZS3M,LME,2288.5,0,1035,0.0,2293.0,2308.0,2287.0,0.0,0.0,1.7976931348623157e+308,1.7976931348623157e+308,0.0,2288.0,2287.5,2287.0,2286.5,2286.0,2289.5,2290.0,2290.5,2291.0,2291.5,4,2,10,6,3,4,2,1,1,1
20191128,16:18:46.0,2019-11-28 16:18:46,ZS3M,LME,2288.5,0,1035,0.0,2293.0,2308.0,2287.0,0.0,0.0,1.7976931348623157e+308,1.7976931348623157e+308,0.0,2288.0,2287.5,2287.0,2286.5,2286.0,2289.5,2290.0,2290.5,2291.0,2291.5,2,2,10,6,3,4,2,1,1,1
20191128,16:18:49.0,2019-11-28 16:18:49,ZS3M,LME,2288.5,0,1035,0.0,2293.0,2308.0,2287.0,0.0,0.0,1.7976931348623157e+308,1.7976931348623157e+308,0.0,2288.0,2287.5,2287.0,2286.5,2286.0,2289.5,2290.0,2290.5,2291.0,2291.5,4,2,10,6,3,4,2,1,1,1
20191128,16:18:50.0,2019-11-28 16:18:50,ZS3M,LME,2288.5,0,1035,0.0,2293.0,2308.0,2287.0,0.0,0.0,1.7976931348623157e+308,1.7976931348623157e+308,0.0,2288.0,2287.5,2287.0,2286.5,2286.0,2289.5,2290.0,2290.5,2291.0,2291.5,2,2,10,6,3,4,2,1,1,1
20191128,16:18:50.0,2019-11-28 16:18:50,ZS3M,LME,2288.5,0,1035,0.0,2293.0,2308.0,2287.0,0.0,0.0,1.7976931348623157e+308,1.7976931348623157e+308,0.0,2288.0,2287.5,2287.0,2286.5,2286.0,2289.5,2290.0,2290.5,2291.0,2291.5,2,2,10,6,3,4,2,1,1,1
20191128,16:18:50.0,2019-11-28 16:18:50,ZS3M,LME,2288.5,0,1035,0.0,2293.0,2308.0,2287.0,0.0,0.0,1.7976931348623157e+308,1.7976931348623157e+308,0.0,2288.0,2287.5,2287.0,2286.5,2286.0,2289.5,2290.0,2290.5,2291.0,2291.5,2,2,10,6,3,4,2,1,1,1
20191128,16:20:03.0,2019-11-28 16:20:03,ZS3M,LME,2288.5,0,1035,0.0,2293.0,2308.0,2287.0,0.0,0.0,1.7976931348623157e+308,1.7976931348623157e+308,0.0,2288.0,2287.5,2287.0,2286.5,2286.0,2289.5,2290.0,2290.5,2291.0,2291.5,3,2,10,6,3,4,2,1,1,3
20191128,16:20:03.0,2019-11-28 16:20:03,ZS3M,LME,2290.0,0,1042,0.0,2293.0,2308.0,2287.0,0.0,0.0,1.7976931348623157e+308,1.7976931348623157e+308,0.0,2288.5,2288.0,2287.5,2287.0,2286.5,2289.5,2290.0,2290.5,2291.0,2291.5,1,1,2,10,6,2,2,1,1,2
20191128,16:20:11.0,2019-11-28 16:20:11,ZS3M,LME,2290.0,0,1042,0.0,2293.0,2308.0,2287.0,0.0,0.0,1.7976931348623157e+308,1.7976931348623157e+308,0.0,2288.5,2288.0,2287.5,2287.0,2286.5,2289.5,2290.0,2290.5,2291.0,2291.5,2,1,2,10,6,2,2,1,1,2
20191128,16:20:11.0,2019-11-28 16:20:11,ZS3M,LME,2290.0,0,1047,0.0,2293.0,2308.0,2287.0,0.0,0.0,1.7976931348623157e+308,1.7976931348623157e+308,0.0,2289.0,2288.5,2288.0,2287.5,2287.0,2290.5,2291.0,2291.5,2292.0,2292.5,3,7,2,2,10,1,1,2,1,1
20191128,16:20:12.0,2019-11-28 16:20:12,ZS3M,LME,2290.0,0,1047,0.0,2293.0,2308.0,2287.0,0.0,0.0,1.7976931348623157e+308,1.7976931348623157e+308,0.0,2289.0,2288.5,2288.0,2287.5,2287.0,2290.5,2291.0,2291.5,2292.0,2293.0,4,6,2,3,10,1,1,2,1,1
20191128,16:20:36.0,2019-11-28 16:20:36,ZS3M,LME,2290.0,0,1047,0.0,2293.0,2308.0,2287.0,0.0,0.0,1.7976931348623157e+308,1.7976931348623157e+308,0.0,2289.5,2288.5,2288.0,2287.5,2287.0,2290.5,2291.0,2291.5,2292.0,2293.0,1,6,1,3,10,1,1,2,1,2
20191128,16:20:37.0,2019-11-28 16:20:37,ZS3M,LME,2290.0,0,1047,0.0,2293.0,2308.0,2287.0,0.0,0.0,1.7976931348623157e+308,1.7976931348623157e+308,0.0,2289.5,2289.0,2288.5,2288.0,2287.5,2290.5,2291.0,2291.5,2292.0,2293.0,3,3,6,1,3,1,1,2,1,2
20191128,16:20:40.0,2019-11-28 16:20:40,ZS3M,LME,2290.5,0,1048,0.0,2293.0,2308.0,2287.0,0.0,0.0,1.7976931348623157e+308,1.7976931348623157e+308,0.0,2290.0,2289.5,2289.0,2288.5,2288.0,2291.0,2291.5,2292.0,2293.0,2293.5,2,1,3,6,2,1,3,1,2,3
20191128,16:20:58.0,2019-11-28 16:20:58,ZS3M,LME,2290.5,0,1048,0.0,2293.0,2308.0,2287.0,0.0,0.0,1.7976931348623157e+308,1.7976931348623157e+308,0.0,2290.0,2289.0,2288.5,2288.0,2287.5,2291.0,2291.5,2292.0,2293.0,2293.5,4,3,6,2,6,1,3,1,1,3
20191128,16:21:00.0,2019-11-28 16:21:00,ZS3M,LME,2290.5,0,1048,0.0,2293.0,2308.0,2287.0,0.0,0.0,1.7976931348623157e+308,1.7976931348623157e+308,0.0,2290.0,2289.0,2288.5,2288.0,2287.5,2291.5,2292.0,2293.0,2293.5,2294.0,4,3,6,2,6,2,1,1,2,3
20191128,16:21:07.0,2019-11-28 16:21:07,ZS3M,LME,2290.5,0,1048,0.0,2293.0,2308.0,2287.0,0.0,0.0,1.7976931348623157e+308,1.7976931348623157e+308,0.0,2290.0,2289.0,2288.5,2288.0,2287.5,2291.0,2291.5,2292.0,2293.0,2293.5,2,3,6,2,6,1,2,1,1,2
20191128,16:21:12.0,2019-11-28 16:21:12,ZS3M,LME,2290.5,0,1048,0.0,2293.0,2308.0,2287.0,0.0,0.0,1.7976931348623157e+308,1.7976931348623157e+308,0.0,2290.0,2289.0,2288.5,2288.0,2287.5,2291.0,2291.5,2292.0,2293.0,2293.5,2,2,6,2,6,2,2,1,1,2
20191128,16:21:15.0,2019-11-28 16:21:15,ZS3M,LME,2290.5,0,1048,0.0,2293.0,2308.0,2287.0,0.0,0.0,1.7976931348623157e+308,1.7976931348623157e+308,0.0,2290.0,2289.0,2288.5,2288.0,2287.5,2291.0,2291.5,2292.0,2293.0,2293.5,1,2,6,2,6,3,2,1,1,2
20191128,16:21:27.0,2019-11-28 16:21:27,ZS3M,LME,2290.0,0,1049,0.0,2293.0,2308.0,2287.0,0.0,0.0,1.7976931348623157e+308,1.7976931348623157e+308,0.0,2289.0,2289.0,2288.5,2288.0,2287.5,2290.0,2291.5,2292.0,2293.0,2293.5,1,2,6,1,5,1,2,1,2,3
20191128,16:21:34.0,2019-11-28 16:21:34,ZS3M,LME,2290.0,0,1049,0.0,2293.0,2308.0,2287.0,0.0,0.0,1.7976931348623157e+308,1.7976931348623157e+308,0.0,2289.0,2288.5,2288.0,2287.5,2287.0,2290.0,2290.5,2291.0,2291.5,2292.0,2,6,1,5,10,1,2,3,2,1
20191128,16:21:40.0,2019-11-28 16:21:40,ZS3M,LME,2290.0,0,1049,0.0,2293.0,2308.0,2287.0,0.0,0.0,1.7976931348623157e+308,1.7976931348623157e+308,0.0,2289.0,2288.5,2288.0,2287.5,2287.0,2290.0,2290.5,2291.0,2291.5,2292.0,3,6,1,5,10,1,2,3,2,1
20191128,16:22:09.0,2019-11-28 16:22:09,ZS3M,LME,2288.5,0,1054,0.0,2293.0,2308.0,2287.0,0.0,0.0,1.7976931348623157e+308,1.7976931348623157e+308,0.0,2288.5,2288.0,2287.5,2287.0,2286.5,2290.0,2290.5,2291.0,2291.5,2292.0,4,1,4,10,1,2,2,3,2,2
20191128,16:22:21.0,2019-11-28 16:22:21,ZS3M,LME,2288.5,0,1054,0.0,2293.0,2308.0,2287.0,0.0,0.0,1.7976931348623157e+308,1.7976931348623157e+308,0.0,2288.5,2288.0,2287.5,2287.0,2286.5,2290.0,2290.5,2291.0,2291.5,2292.0,6,1,5,10,1,2,2,3,2,2
20191128,16:22:22.0,2019-11-28 16:22:22,ZS3M,LME,2288.5,0,1054,0.0,2293.0,2308.0,2287.0,0.0,0.0,1.7976931348623157e+308,1.7976931348623157e+308,0.0,2289.0,2288.5,2288.0,2287.5,2287.0,2290.0,2290.5,2291.0,2291.5,2292.0,1,6,1,5,10,2,2,3,2,2
20191128,16:22:42.0,2019-11-28 16:22:42,ZS3M,LME,2288.5,0,1054,0.0,2293.0,2308.0,2287.0,0.0,0.0,1.7976931348623157e+308,1.7976931348623157e+308,0.0,2289.0,2288.5,2288.0,2287.5,2287.0,2290.0,2290.5,2291.0,2291.5,2292.0,2,6,1,5,10,2,2,3,2,2
20191128,16:22:43.0,2019-11-28 16:22:43,ZS3M,LME,2288.5,0,1054,0.0,2293.0,2308.0,2287.0,0.0,0.0,1.7976931348623157e+308,1.7976931348623157e+308,0.0,2289.0,2288.5,2288.0,2287.5,2287.0,2290.0,2290.5,2291.0,2291.5,2292.0,2,6,1,5,10,1,2,3,2,2
20191128,16:22:46.0,2019-11-28 16:22:46,ZS3M,LME,2288.5,0,1054,0.0,2293.0,2308.0,2287.0,0.0,0.0,1.7976931348623157e+308,1.7976931348623157e+308,0.0,2289.0,2288.5,2288.0,2287.5,2287.0,2290.0,2290.5,2291.0,2291.5,2292.0,2,6,1,5,10,2,2,3,2,2
20191128,16:23:35.0,2019-11-28 16:23:35,ZS3M,LME,2290.0,0,1055,0.0,2293.0,2308.0,2287.0,0.0,0.0,1.7976931348623157e+308,1.7976931348623157e+308,0.0,2289.5,2289.5,2289.0,2288.5,2288.0,2291.0,2291.5,2292.0,2293.0,2293.5,2,2,2,6,2,2,2,1,1,3
20191128,16:23:36.0,2019-11-28 16:23:36,ZS3M,LME,2290.0,0,1055,0.0,2293.0,2308.0,2287.0,0.0,0.0,1.7976931348623157e+308,1.7976931348623157e+308,0.0,2290.0,2289.5,2289.0,2288.5,2288.0,2291.0,2291.5,2292.0,2293.0,2293.5,3,2,2,6,2,1,2,1,1,3
20191128,16:23:39.0,2019-11-28 16:23:39,ZS3M,LME,2290.0,0,1055,0.0,2293.0,2308.0,2287.0,0.0,0.0,1.7976931348623157e+308,1.7976931348623157e+308,0.0,2290.0,2289.5,2289.0,2288.5,2288.0,2291.0,2291.5,2292.0,2293.0,2293.5,3,2,1,6,2,2,2,1,1,3
20191128,16:23:40.0,2019-11-28 16:23:40,ZS3M,LME,2290.0,0,1055,0.0,2293.0,2308.0,2287.0,0.0,0.0,1.7976931348623157e+308,1.7976931348623157e+308,0.0,2290.0,2289.5,2289.0,2288.5,2288.0,2291.0,2291.5,2292.0,2293.0,2293.5,2,2,1,6,2,2,2,1,1,3
20191128,16:25:03.0,2019-11-28 16:25:03,ZS3M,LME,2290.0,0,1055,0.0,2293.0,2308.0,2287.0,0.0,0.0,1.7976931348623157e+308,1.7976931348623157e+308,0.0,2290.0,2289.5,2289.0,2288.5,2288.0,2291.0,2291.5,2292.0,2293.0,2293.5,4,2,1,6,2,2,2,1,1,3
20191128,16:25:15.0,2019-11-28 16:25:15,ZS3M,LME,2290.0,0,1055,0.0,2293.0,2308.0,2287.0,0.0,0.0,1.7976931348623157e+308,1.7976931348623157e+308,0.0,2290.0,2289.5,2289.0,2288.5,2288.0,2291.0,2291.5,2292.0,2293.0,2293.5,2,2,1,6,2,2,2,1,1,3
20191128,16:25:41.0,2019-11-28 16:25:41,ZS3M,LME,2290.0,0,1055,0.0,2293.0,2308.0,2287.0,0.0,0.0,1.7976931348623157e+308,1.7976931348623157e+308,0.0,2290.0,2289.5,2289.0,2288.5,2288.0,2290.5,2291.5,2292.0,2293.0,2293.5,2,2,1,6,2,1,2,1,1,3
20191128,16:25:42.0,2019-11-28 16:25:42,ZS3M,LME,2290.0,0,1056,0.0,2293.0,2308.0,2287.0,0.0,0.0,1.7976931348623157e+308,1.7976931348623157e+308,0.0,2289.5,2289.5,2289.0,2288.5,2288.0,2290.5,2291.0,2291.5,2292.0,2293.0,1,1,1,6,2,2,2,2,1,1
20191128,16:25:46.0,2019-11-28 16:25:46,ZS3M,LME,2290.0,0,1057,0.0,2293.0,2308.0,2287.0,0.0,0.0,1.7976931348623157e+308,1.7976931348623157e+308,0.0,2289.5,2289.0,2288.5,2288.0,2287.5,2290.0,2290.5,2291.0,2291.5,2292.0,1,1,6,1,4,1,2,1,2,1
20191128,16:25:49.0,2019-11-28 16:25:49,ZS3M,LME,2290.0,0,1057,0.0,2293.0,2308.0,2287.0,0.0,0.0,1.7976931348623157e+308,1.7976931348623157e+308,0.0,2290.0,2289.0,2288.5,2288.0,2287.5,2290.5,2291.0,2291.5,2292.0,2292.5,1,1,6,1,4,1,1,2,1,1
20191128,16:25:50.0,2019-11-28 16:25:50,ZS3M,LME,2290.0,0,1057,0.0,2293.0,2308.0,2287.0,0.0,0.0,1.7976931348623157e+308,1.7976931348623157e+308,0.0,2290.0,2289.5,2289.0,2288.5,2288.0,2290.5,2291.0,2291.5,2292.0,2292.5,2,1,1,6,1,1,1,2,1,1
20191128,16:25:54.0,2019-11-28 16:25:54,ZS3M,LME,2290.0,0,1057,0.0,2293.0,2308.0,2287.0,0.0,0.0,1.7976931348623157e+308,1.7976931348623157e+308,0.0,2290.0,2289.5,2289.0,2288.5,2288.0,2290.5,2291.0,2291.5,2292.0,2292.5,1,1,1,6,1,2,1,2,1,1
20191128,16:25:57.0,2019-11-28 16:25:57,ZS3M,LME,2290.0,0,1057,0.0,2293.0,2308.0,2287.0,0.0,0.0,1.7976931348623157e+308,1.7976931348623157e+308,0.0,2290.0,2289.5,2289.0,2288.5,2288.0,2290.5,2291.0,2291.5,2292.0,2292.5,1,1,1,6,1,1,1,2,1,1
20191128,16:26:18.0,2019-11-28 16:26:18,ZS3M,LME,2290.5,0,1058,0.0,2293.0,2308.0,2287.0,0.0,0.0,1.7976931348623157e+308,1.7976931348623157e+308,0.0,2290.0,2289.5,2289.0,2288.5,2288.0,2291.0,2291.5,2292.0,2292.5,2293.0,1,1,1,6,1,1,2,1,1,2
20191128,16:26:18.0,2019-11-28 16:26:18,ZS3M,LME,2290.5,0,1061,0.0,2293.0,2308.0,2287.0,0.0,0.0,1.7976931348623157e+308,1.7976931348623157e+308,0.0,2290.0,2290.0,2289.5,2289.0,2288.5,2291.5,2292.0,2293.0,2293.5,2294.0,1,1,1,3,6,2,1,1,3,3
20191128,16:26:19.0,2019-11-28 16:26:19,ZS3M,LME,2290.5,0,1061,0.0,2293.0,2308.0,2287.0,0.0,0.0,1.7976931348623157e+308,1.7976931348623157e+308,0.0,2290.0,2289.5,2289.0,2288.5,2288.0,2291.0,2291.5,2292.0,2293.0,2293.5,1,1,3,6,1,1,2,1,1,3
20191128,16:26:57.0,2019-11-28 16:26:57,ZS3M,LME,2290.5,0,1061,0.0,2293.0,2308.0,2287.0,0.0,0.0,1.7976931348623157e+308,1.7976931348623157e+308,0.0,2290.0,2289.5,2289.0,2288.5,2288.0,2291.0,2291.5,2292.0,2293.0,2293.5,2,1,3,6,1,1,2,1,1,3
20191128,16:27:39.0,2019-11-28 16:27:39,ZS3M,LME,2290.5,0,1061,0.0,2293.0,2308.0,2287.0,0.0,0.0,1.7976931348623157e+308,1.7976931348623157e+308,0.0,2290.0,2289.5,2289.0,2288.5,2288.0,2291.0,2291.5,2292.0,2293.0,2293.5,1,1,3,6,1,1,2,1,1,3
20191128,16:27:42.0,2019-11-28 16:27:42,ZS3M,LME,2290.5,0,1061,0.0,2293.0,2308.0,2287.0,0.0,0.0,1.7976931348623157e+308,1.7976931348623157e+308,0.0,2290.0,2289.5,2289.0,2288.5,2288.0,2291.0,2291.5,2292.0,2293.0,2293.5,2,1,3,6,1,1,2,1,1,3
20191128,16:27:51.0,2019-11-28 16:27:51,ZS3M,LME,2290.5,0,1061,0.0,2293.0,2308.0,2287.0,0.0,0.0,1.7976931348623157e+308,1.7976931348623157e+308,0.0,2290.0,2289.5,2289.0,2288.5,2288.0,2290.5,2291.5,2292.0,2293.0,2293.5,2,1,3,6,1,1,2,1,1,3
20191128,16:27:57.0,2019-11-28 16:27:57,ZS3M,LME,2290.5,0,1062,0.0,2293.0,2308.0,2287.0,0.0,0.0,1.7976931348623157e+308,1.7976931348623157e+308,0.0,2290.0,2289.5,2289.0,2288.5,2288.0,2291.0,2291.5,2292.0,2293.0,2293.5,2,1,3,6,2,1,2,1,1,3
20191128,16:28:10.0,2019-11-28 16:28:10,ZS3M,LME,2290.5,0,1063,0.0,2293.0,2308.0,2287.0,0.0,0.0,1.7976931348623157e+308,1.7976931348623157e+308,0.0,2290.0,2289.5,2289.0,2288.5,2288.0,2291.0,2291.0,2291.5,2292.0,2293.0,2,1,3,6,2,1,1,2,1,1
20191128,16:28:10.0,2019-11-28 16:28:10,ZS3M,LME,2290.5,0,1064,0.0,2293.0,2308.0,2287.0,0.0,0.0,1.7976931348623157e+308,1.7976931348623157e+308,0.0,2290.0,2289.5,2289.0,2288.5,2288.0,2290.5,2291.0,2291.5,2292.0,2293.0,2,1,3,6,2,1,1,2,1,1
20191128,16:28:16.0,2019-11-28 16:28:16,ZS3M,LME,2290.5,0,1065,0.0,2293.0,2308.0,2287.0,0.0,0.0,1.7976931348623157e+308,1.7976931348623157e+308,0.0,2290.0,2289.5,2289.0,2288.5,2288.0,2290.5,2291.0,2291.5,2292.0,2293.0,2,1,3,6,2,1,1,2,1,1
20191128,16:28:16.0,2019-11-28 16:28:16,ZS3M,LME,2290.5,0,1066,0.0,2293.0,2308.0,2287.0,0.0,0.0,1.7976931348623157e+308,1.7976931348623157e+308,0.0,2290.0,2289.5,2289.0,2288.5,2288.0,2290.5,2291.0,2291.5,2292.0,2293.0,2,1,3,6,2,1,1,2,1,1
20191128,16:28:21.0,2019-11-28 16:28:21,ZS3M,LME,2290.5,0,1067,0.0,2293.0,2308.0,2287.0,0.0,0.0,1.7976931348623157e+308,1.7976931348623157e+308,0.0,2290.0,2289.5,2289.0,2288.5,2288.0,2290.5,2291.0,2291.5,2292.0,2293.0,2,1,3,6,2,1,1,2,1,1
20191128,16:28:25.0,2019-11-28 16:28:25,ZS3M,LME,2290.5,0,1068,0.0,2293.0,2308.0,2287.0,0.0,0.0,1.7976931348623157e+308,1.7976931348623157e+308,0.0,2290.0,2289.5,2289.0,2288.5,2288.0,2291.0,2291.5,2292.0,2293.0,2293.5,2,1,3,6,2,1,2,1,1,3
20191128,16:28:28.0,2019-11-28 16:28:28,ZS3M,LME,2290.5,0,1069,0.0,2293.0,2308.0,2287.0,0.0,0.0,1.7976931348623157e+308,1.7976931348623157e+308,0.0,2290.0,2289.5,2289.0,2288.5,2288.0,2290.5,2291.5,2292.0,2293.0,2293.5,2,1,3,6,2,1,2,1,1,3
20191128,16:28:30.0,2019-11-28 16:28:30,ZS3M,LME,2290.5,0,1070,0.0,2293.0,2308.0,2287.0,0.0,0.0,1.7976931348623157e+308,1.7976931348623157e+308,0.0,2290.0,2289.5,2289.0,2288.5,2288.0,2290.5,2291.5,2292.0,2293.0,2293.5,2,1,3,6,2,1,2,1,1,3
20191128,16:28:45.0,2019-11-28 16:28:45,ZS3M,LME,2290.0,0,1072,0.0,2293.0,2308.0,2287.0,0.0,0.0,1.7976931348623157e+308,1.7976931348623157e+308,0.0,2289.5,2289.0,2288.5,2288.0,2287.5,2290.0,2290.5,2291.0,2291.5,2292.0,1,3,6,2,4,3,1,1,2,1
20191128,16:28:46.0,2019-11-28 16:28:46,ZS3M,LME,2290.0,0,1072,0.0,2293.0,2308.0,2287.0,0.0,0.0,1.7976931348623157e+308,1.7976931348623157e+308,0.0,2289.5,2289.0,2288.5,2288.0,2287.5,2290.0,2290.5,2291.0,2291.5,2292.0,1,3,6,2,4,4,1,1,2,1
20191128,16:28:49.0,2019-11-28 16:28:49,ZS3M,LME,2289.0,0,1079,0.0,2293.0,2308.0,2287.0,0.0,0.0,1.7976931348623157e+308,1.7976931348623157e+308,0.0,2288.5,2288.0,2287.5,2287.0,2286.5,2289.0,2289.5,2290.0,2290.5,2291.0,6,2,4,9,2,2,1,4,1,1
20191128,16:29:00.0,2019-11-28 16:29:00,ZS3M,LME,2289.0,0,1092,0.0,2293.0,2308.0,2287.0,0.0,0.0,1.7976931348623157e+308,1.7976931348623157e+308,0.0,2288.5,2288.0,2287.5,2287.0,2286.5,2289.5,2290.0,2290.5,2291.0,2291.5,6,1,4,9,2,1,1,1,1,2
20191128,16:29:37.0,2019-11-28 16:29:37,ZS3M,LME,2289.0,0,1092,0.0,2293.0,2308.0,2287.0,0.0,0.0,1.7976931348623157e+308,1.7976931348623157e+308,0.0,2288.5,2288.0,2287.5,2287.0,2286.5,2289.5,2290.0,2290.5,2291.0,2291.5,6,1,5,9,2,1,1,1,1,2
20191128,16:29:59.0,2019-11-28 16:29:59,ZS3M,LME,2290.0,0,1094,0.0,2293.0,2308.0,2287.0,0.0,0.0,1.7976931348623157e+308,1.7976931348623157e+308,0.0,2289.0,2288.0,2287.5,2287.0,2286.5,2290.5,2291.0,2291.5,2292.0,2293.0,1,1,5,9,2,2,1,2,1,1
