date,time,datetime,symbol,exchange,lastPrice,lastVolume,volume,openInterest,openPrice,highPrice,lowPrice,preClosePrice,preSettlementPrice,upperLimit,lowerLimit,turnover,bidPrice1,bidPrice2,bidPrice3,bidPrice4,bidPrice5,askPrice1,askPrice2,askPrice3,askPrice4,askPrice5,bidVolume1,bidVolume2,bidVolume3,bidVolume4,bidVolume5,askVolume1,askVolume2,askVolume3,askVolume4,askVolume5
20191122,17:14:58.0,2019-11-22 17:14:58,AH3M,LME,1744.0,0,1993,0.0,1744.0,1745.0,1736.5,0.0,0.0,1.7976931348623157e+308,1.7976931348623157e+308,0.0,1743.5,1743.0,1742.5,1742.0,1741.5,1744.0,1744.5,1745.0,1745.5,1746.0,3,13,1,4,4,4,5,17,9,33
20191122,17:28:13.0,2019-11-22 17:28:13,CL2001,NYMEX,58.41,0,66084,0.0,58.31,58.51,58.09,58.58,58.58,1.7976931348623157e+308,1.7976931348623157e+308,0.0,58.4,58.39,58.38,58.37,58.36,58.41,58.42,58.43,58.44,58.45,18,34,43,35,32,12,36,34,40,39
20191122,17:28:13.0,2019-11-22 17:28:13,GC1912,COMEX,1470.3,0,74444,0.0,1464.3,1470.8,1463.6,1463.6,1463.6,1.7976931348623157e+308,1.7976931348623157e+308,0.0,1470.3,1470.2,1470.1,1470.0,1469.9,1470.4,1470.5,1470.6,1470.7,1470.8,19,38,35,45,42,10,35,36,41,59
20191122,17:28:13.0,2019-11-22 17:28:13,SI1912,COMEX,17.145,0,15996,0.0,17.075,17.18,17.03,17.065,17.065,1.7976931348623157e+308,1.7976931348623157e+308,0.0,17.145,17.14,17.135,17.13,17.125,17.15,17.155,17.16,17.165,17.17,39,34,39,39,33,21,58,39,41,41
20191122,17:28:13.0,2019-11-22 17:28:13,UC1912,SGX,7.0472,0,11241,0.0,7.0349,7.0485,7.0301,7.0418,7.0418,1.7976931348623157e+308,1.7976931348623157e+308,0.0,7.0472,7.0471,7.047,7.0469,7.0468,7.0475,7.0476,7.0477,7.0478,7.0479,4,20,17,31,18,6,11,14,15,14
20191122,17:14:58.0,2019-11-22 17:14:58,AH3M,LME,1744.0,0,1993,0.0,1744.0,1745.0,1736.5,0.0,0.0,1.7976931348623157e+308,1.7976931348623157e+308,0.0,1743.5,1743.0,1742.5,1742.0,1741.5,1744.0,1744.5,1745.0,1745.5,1746.0,3,13,1,4,4,4,5,17,9,33
20191122,17:28:13.0,2019-11-22 17:28:13,CL2001,NYMEX,58.4,0,66086,0.0,58.31,58.51,58.09,58.58,58.58,1.7976931348623157e+308,1.7976931348623157e+308,0.0,58.4,58.39,58.38,58.37,58.36,58.41,58.42,58.43,58.44,58.45,16,32,41,33,30,19,36,33,38,39
20191122,17:28:14.0,2019-11-22 17:28:14,UC1912,SGX,7.0472,0,11241,0.0,7.0349,7.0485,7.0301,7.0418,7.0418,1.7976931348623157e+308,1.7976931348623157e+308,0.0,7.0472,7.0471,7.047,7.0469,7.0468,7.0475,7.0476,7.0477,7.0478,7.0479,4,20,17,31,18,6,11,14,15,14
20191122,17:28:14.0,2019-11-22 17:28:14,CL2001,NYMEX,58.4,0,66086,0.0,58.31,58.51,58.09,58.58,58.58,1.7976931348623157e+308,1.7976931348623157e+308,0.0,58.4,58.39,58.38,58.37,58.36,58.41,58.42,58.43,58.44,58.45,10,32,41,33,30,19,36,33,38,39
20191122,17:28:14.0,2019-11-22 17:28:14,GC1912,COMEX,1470.3,0,74444,0.0,1464.3,1470.8,1463.6,1463.6,1463.6,1.7976931348623157e+308,1.7976931348623157e+308,0.0,1470.3,1470.2,1470.1,1470.0,1469.9,1470.4,1470.5,1470.6,1470.7,1470.8,24,38,33,44,40,4,32,34,39,59
20191122,17:28:14.0,2019-11-22 17:28:14,SI1912,COMEX,17.145,0,15996,0.0,17.075,17.18,17.03,17.065,17.065,1.7976931348623157e+308,1.7976931348623157e+308,0.0,17.145,17.14,17.135,17.13,17.125,17.15,17.155,17.16,17.165,17.17,35,38,39,39,33,18,58,38,40,40
20191122,17:28:14.0,2019-11-22 17:28:14,GC1912,COMEX,1470.4,0,74447,0.0,1464.3,1470.8,1463.6,1463.6,1463.6,1.7976931348623157e+308,1.7976931348623157e+308,0.0,1470.4,1470.3,1470.2,1470.1,1470.0,1470.5,1470.6,1470.7,1470.8,1470.9,5,33,38,33,44,26,33,39,59,28
20191122,17:28:14.0,2019-11-22 17:28:14,GC1912,COMEX,1470.4,0,74448,0.0,1464.3,1470.8,1463.6,1463.6,1463.6,1.7976931348623157e+308,1.7976931348623157e+308,0.0,1470.4,1470.3,1470.2,1470.1,1470.0,1470.5,1470.6,1470.7,1470.8,1470.9,10,32,40,33,44,22,33,39,59,31
20191122,17:28:15.0,2019-11-22 17:28:15,UC1912,SGX,7.0472,0,11241,0.0,7.0349,7.0485,7.0301,7.0418,7.0418,1.7976931348623157e+308,1.7976931348623157e+308,0.0,7.0472,7.0471,7.047,7.0469,7.0468,7.0475,7.0476,7.0477,7.0478,7.0479,6,20,17,31,13,6,11,14,15,14
20191122,17:28:15.0,2019-11-22 17:28:15,GC1912,COMEX,1470.4,0,74448,0.0,1464.3,1470.8,1463.6,1463.6,1463.6,1.7976931348623157e+308,1.7976931348623157e+308,0.0,1470.4,1470.3,1470.2,1470.1,1470.0,1470.5,1470.6,1470.7,1470.8,1470.9,10,32,40,33,44,23,32,39,59,31
20191122,17:28:15.0,2019-11-22 17:28:15,GC1912,COMEX,1470.4,0,74453,0.0,1464.3,1470.8,1463.6,1463.6,1463.6,1.7976931348623157e+308,1.7976931348623157e+308,0.0,1470.4,1470.3,1470.2,1470.1,1470.0,1470.5,1470.6,1470.7,1470.8,1470.9,3,26,39,33,44,28,32,39,59,31
20191122,17:28:16.0,2019-11-22 17:28:16,GC1912,COMEX,1470.4,0,74453,0.0,1464.3,1470.8,1463.6,1463.6,1463.6,1.7976931348623157e+308,1.7976931348623157e+308,0.0,1470.4,1470.3,1470.2,1470.1,1470.0,1470.5,1470.6,1470.7,1470.8,1470.9,5,31,40,33,44,24,32,39,59,31
20191122,17:28:16.0,2019-11-22 17:28:16,CL2001,NYMEX,58.4,0,66086,0.0,58.31,58.51,58.09,58.58,58.58,1.7976931348623157e+308,1.7976931348623157e+308,0.0,58.4,58.39,58.38,58.37,58.36,58.41,58.42,58.43,58.44,58.45,15,33,41,33,30,20,35,33,38,40
20191122,17:28:16.0,2019-11-22 17:28:16,SI1912,COMEX,17.145,0,15996,0.0,17.075,17.18,17.03,17.065,17.065,1.7976931348623157e+308,1.7976931348623157e+308,0.0,17.145,17.14,17.135,17.13,17.125,17.15,17.155,17.16,17.165,17.17,39,34,38,38,32,20,58,38,40,40
20191122,17:28:16.0,2019-11-22 17:28:16,GC1912,COMEX,1470.4,0,74459,0.0,1464.3,1470.8,1463.6,1463.6,1463.6,1.7976931348623157e+308,1.7976931348623157e+308,0.0,1470.3,1470.2,1470.1,1470.0,1469.9,1470.4,1470.5,1470.6,1470.7,1470.8,18,35,33,44,37,8,32,32,40,58
20191122,17:28:16.0,2019-11-22 17:28:16,CL2001,NYMEX,58.4,0,66087,0.0,58.31,58.51,58.09,58.58,58.58,1.7976931348623157e+308,1.7976931348623157e+308,0.0,58.4,58.39,58.38,58.37,58.36,58.41,58.42,58.43,58.44,58.45,12,33,42,33,30,20,34,33,38,40
20191122,17:28:17.0,2019-11-22 17:28:17,SI1912,COMEX,17.145,0,15996,0.0,17.075,17.18,17.03,17.065,17.065,1.7976931348623157e+308,1.7976931348623157e+308,0.0,17.145,17.14,17.135,17.13,17.125,17.15,17.155,17.16,17.165,17.17,31,38,38,38,32,24,58,39,40,40
20191122,17:28:17.0,2019-11-22 17:28:17,GC1912,COMEX,1470.4,0,74459,0.0,1464.3,1470.8,1463.6,1463.6,1463.6,1.7976931348623157e+308,1.7976931348623157e+308,0.0,1470.3,1470.2,1470.1,1470.0,1469.9,1470.4,1470.5,1470.6,1470.7,1470.8,17,35,33,44,40,11,32,34,40,58
20191122,17:28:17.0,2019-11-22 17:28:17,CL2001,NYMEX,58.4,0,66087,0.0,58.31,58.51,58.09,58.58,58.58,1.7976931348623157e+308,1.7976931348623157e+308,0.0,58.4,58.39,58.38,58.37,58.36,58.41,58.42,58.43,58.44,58.45,8,33,42,33,30,21,35,33,38,40
20191122,17:28:17.0,2019-11-22 17:28:17,UC1912,SGX,7.0472,0,11241,0.0,7.0349,7.0485,7.0301,7.0418,7.0418,1.7976931348623157e+308,1.7976931348623157e+308,0.0,7.0472,7.0471,7.047,7.0469,7.0468,7.0475,7.0476,7.0477,7.0478,7.0479,6,20,17,31,18,6,11,14,15,14
20191122,17:28:17.0,2019-11-22 17:28:17,CL2001,NYMEX,58.41,0,66088,0.0,58.31,58.51,58.09,58.58,58.58,1.7976931348623157e+308,1.7976931348623157e+308,0.0,58.4,58.39,58.38,58.37,58.36,58.41,58.42,58.43,58.44,58.45,14,31,42,33,30,18,35,33,38,40
20191122,17:28:18.0,2019-11-22 17:28:18,UC1912,SGX,7.0472,0,11241,0.0,7.0349,7.0485,7.0301,7.0418,7.0418,1.7976931348623157e+308,1.7976931348623157e+308,0.0,7.0472,7.0471,7.047,7.0469,7.0468,7.0475,7.0476,7.0477,7.0478,7.0479,6,20,17,31,13,6,11,14,15,14
20191122,17:28:19.0,2019-11-22 17:28:19,UC1912,SGX,7.0472,0,11241,0.0,7.0349,7.0485,7.0301,7.0418,7.0418,1.7976931348623157e+308,1.7976931348623157e+308,0.0,7.0472,7.0471,7.047,7.0469,7.0468,7.0475,7.0476,7.0477,7.0478,7.0479,6,20,17,31,18,6,11,14,15,14
20191122,17:28:19.0,2019-11-22 17:28:19,CL2001,NYMEX,58.4,0,66089,0.0,58.31,58.51,58.09,58.58,58.58,1.7976931348623157e+308,1.7976931348623157e+308,0.0,58.4,58.39,58.38,58.37,58.36,58.41,58.42,58.43,58.44,58.45,18,31,42,33,30,14,35,33,38,40
20191122,17:28:20.0,2019-11-22 17:28:20,GC1912,COMEX,1470.4,0,74459,0.0,1464.3,1470.8,1463.6,1463.6,1463.6,1.7976931348623157e+308,1.7976931348623157e+308,0.0,1470.3,1470.2,1470.1,1470.0,1469.9,1470.4,1470.5,1470.6,1470.7,1470.8,17,35,32,44,40,13,32,34,40,58
20191122,17:28:20.0,2019-11-22 17:28:20,UC1912,SGX,7.0472,0,11241,0.0,7.0349,7.0485,7.0301,7.0418,7.0418,1.7976931348623157e+308,1.7976931348623157e+308,0.0,7.0472,7.0471,7.047,7.0469,7.0468,7.0475,7.0476,7.0477,7.0478,7.0479,6,19,17,31,13,6,11,14,15,14
20191122,17:28:20.0,2019-11-22 17:28:20,GC1912,COMEX,1470.4,0,74460,0.0,1464.3,1470.8,1463.6,1463.6,1463.6,1.7976931348623157e+308,1.7976931348623157e+308,0.0,1470.3,1470.2,1470.1,1470.0,1469.9,1470.4,1470.5,1470.6,1470.7,1470.8,17,35,32,44,40,12,32,34,40,58
20191122,17:28:20.0,2019-11-22 17:28:20,SI1912,COMEX,17.145,0,15996,0.0,17.075,17.18,17.03,17.065,17.065,1.7976931348623157e+308,1.7976931348623157e+308,0.0,17.145,17.14,17.135,17.13,17.125,17.15,17.155,17.16,17.165,17.17,35,34,38,38,32,24,58,40,40,40
20191122,17:28:21.0,2019-11-22 17:28:21,UC1912,SGX,7.0472,0,11241,0.0,7.0349,7.0485,7.0301,7.0418,7.0418,1.7976931348623157e+308,1.7976931348623157e+308,0.0,7.0472,7.0471,7.047,7.0469,7.0468,7.0475,7.0476,7.0477,7.0478,7.0479,6,19,17,31,13,6,11,14,15,14
20191122,17:28:21.0,2019-11-22 17:28:21,SI1912,COMEX,17.145,0,15996,0.0,17.075,17.18,17.03,17.065,17.065,1.7976931348623157e+308,1.7976931348623157e+308,0.0,17.145,17.14,17.135,17.13,17.125,17.15,17.155,17.16,17.165,17.17,31,38,38,38,32,24,58,40,40,40
20191122,17:28:21.0,2019-11-22 17:28:21,CL2001,NYMEX,58.4,0,66089,0.0,58.31,58.51,58.09,58.58,58.58,1.7976931348623157e+308,1.7976931348623157e+308,0.0,58.4,58.39,58.38,58.37,58.36,58.41,58.42,58.43,58.44,58.45,18,31,42,33,30,15,35,33,38,40
20191122,17:28:21.0,2019-11-22 17:28:21,GC1912,COMEX,1470.4,0,74460,0.0,1464.3,1470.8,1463.6,1463.6,1463.6,1.7976931348623157e+308,1.7976931348623157e+308,0.0,1470.3,1470.2,1470.1,1470.0,1469.9,1470.4,1470.5,1470.6,1470.7,1470.8,17,35,32,44,40,13,32,34,40,58
20191122,17:28:22.0,2019-11-22 17:28:22,UC1912,SGX,7.0472,0,11241,0.0,7.0349,7.0485,7.0301,7.0418,7.0418,1.7976931348623157e+308,1.7976931348623157e+308,0.0,7.0472,7.0471,7.047,7.0469,7.0468,7.0475,7.0476,7.0477,7.0478,7.0479,6,19,17,31,13,6,11,14,15,14
20191122,17:28:22.0,2019-11-22 17:28:22,CL2001,NYMEX,58.4,0,66089,0.0,58.31,58.51,58.09,58.58,58.58,1.7976931348623157e+308,1.7976931348623157e+308,0.0,58.4,58.39,58.38,58.37,58.36,58.41,58.42,58.43,58.44,58.45,19,31,42,33,30,14,35,33,38,40
20191122,17:28:22.0,2019-11-22 17:28:22,GC1912,COMEX,1470.4,0,74460,0.0,1464.3,1470.8,1463.6,1463.6,1463.6,1.7976931348623157e+308,1.7976931348623157e+308,0.0,1470.3,1470.2,1470.1,1470.0,1469.9,1470.4,1470.5,1470.6,1470.7,1470.8,18,35,32,44,40,13,32,34,40,58
20191122,17:28:22.0,2019-11-22 17:28:22,SI1912,COMEX,17.145,0,15996,0.0,17.075,17.18,17.03,17.065,17.065,1.7976931348623157e+308,1.7976931348623157e+308,0.0,17.145,17.14,17.135,17.13,17.125,17.15,17.155,17.16,17.165,17.17,35,34,38,38,32,24,58,40,40,40
20191122,17:28:22.0,2019-11-22 17:28:22,GC1912,COMEX,1470.3,0,74461,0.0,1464.3,1470.8,1463.6,1463.6,1463.6,1.7976931348623157e+308,1.7976931348623157e+308,0.0,1470.3,1470.2,1470.1,1470.0,1469.9,1470.4,1470.5,1470.6,1470.7,1470.8,17,35,32,44,40,14,32,34,40,58
20191122,17:28:23.0,2019-11-22 17:28:23,UC1912,SGX,7.0472,0,11241,0.0,7.0349,7.0485,7.0301,7.0418,7.0418,1.7976931348623157e+308,1.7976931348623157e+308,0.0,7.0472,7.0471,7.047,7.0469,7.0468,7.0475,7.0476,7.0477,7.0478,7.0479,6,19,17,31,13,6,11,14,15,14
20191122,17:28:23.0,2019-11-22 17:28:23,SI1912,COMEX,17.145,0,15996,0.0,17.075,17.18,17.03,17.065,17.065,1.7976931348623157e+308,1.7976931348623157e+308,0.0,17.145,17.14,17.135,17.13,17.125,17.15,17.155,17.16,17.165,17.17,35,34,38,38,32,24,58,40,40,40
20191122,17:28:23.0,2019-11-22 17:28:23,GC1912,COMEX,1470.3,0,74461,0.0,1464.3,1470.8,1463.6,1463.6,1463.6,1.7976931348623157e+308,1.7976931348623157e+308,0.0,1470.3,1470.2,1470.1,1470.0,1469.9,1470.4,1470.5,1470.6,1470.7,1470.8,17,35,32,44,40,16,32,34,39,58
20191122,17:28:23.0,2019-11-22 17:28:23,SI1912,COMEX,17.15,0,15997,0.0,17.075,17.18,17.03,17.065,17.065,1.7976931348623157e+308,1.7976931348623157e+308,0.0,17.145,17.14,17.135,17.13,17.125,17.15,17.155,17.16,17.165,17.17,35,38,38,38,32,22,57,39,40,40
20191122,17:28:24.0,2019-11-22 17:28:24,UC1912,SGX,7.0472,0,11241,0.0,7.0349,7.0485,7.0301,7.0418,7.0418,1.7976931348623157e+308,1.7976931348623157e+308,0.0,7.0472,7.0471,7.047,7.0469,7.0468,7.0475,7.0476,7.0477,7.0478,7.0479,6,19,17,31,18,6,11,14,15,14
20191122,17:28:24.0,2019-11-22 17:28:24,CL2001,NYMEX,58.4,0,66089,0.0,58.31,58.51,58.09,58.58,58.58,1.7976931348623157e+308,1.7976931348623157e+308,0.0,58.4,58.39,58.38,58.37,58.36,58.41,58.42,58.43,58.44,58.45,20,31,42,33,30,14,35,33,38,40
20191122,17:28:24.0,2019-11-22 17:28:24,GC1912,COMEX,1470.4,0,74462,0.0,1464.3,1470.8,1463.6,1463.6,1463.6,1.7976931348623157e+308,1.7976931348623157e+308,0.0,1470.3,1470.2,1470.1,1470.0,1469.9,1470.4,1470.5,1470.6,1470.7,1470.8,22,35,32,43,40,11,32,34,39,58
20191122,17:28:25.0,2019-11-22 17:28:25,UC1912,SGX,7.0472,0,11241,0.0,7.0349,7.0485,7.0301,7.0418,7.0418,1.7976931348623157e+308,1.7976931348623157e+308,0.0,7.0472,7.0471,7.047,7.0469,7.0468,7.0475,7.0476,7.0477,7.0478,7.0479,6,19,17,31,13,6,11,14,15,14
20191122,17:28:25.0,2019-11-22 17:28:25,SI1912,COMEX,17.145,0,15998,0.0,17.075,17.18,17.03,17.065,17.065,1.7976931348623157e+308,1.7976931348623157e+308,0.0,17.145,17.14,17.135,17.13,17.125,17.15,17.155,17.16,17.165,17.17,34,38,38,38,32,22,57,39,40,40
20191122,17:28:25.0,2019-11-22 17:28:25,GC1912,COMEX,1470.4,0,74462,0.0,1464.3,1470.8,1463.6,1463.6,1463.6,1.7976931348623157e+308,1.7976931348623157e+308,0.0,1470.3,1470.2,1470.1,1470.0,1469.9,1470.4,1470.5,1470.6,1470.7,1470.8,12,34,32,43,40,21,33,34,39,58
20191122,17:28:25.0,2019-11-22 17:28:25,UC1912,SGX,7.0475,0,11247,0.0,7.0349,7.0485,7.0301,7.0418,7.0418,1.7976931348623157e+308,1.7976931348623157e+308,0.0,7.0472,7.0471,7.047,7.0469,7.0468,7.0475,7.0476,7.0477,7.0478,7.0479,6,19,17,31,13,6,11,14,15,14
20191122,17:28:25.0,2019-11-22 17:28:25,CL2001,NYMEX,58.4,0,66089,0.0,58.31,58.51,58.09,58.58,58.58,1.7976931348623157e+308,1.7976931348623157e+308,0.0,58.4,58.39,58.38,58.37,58.36,58.41,58.42,58.43,58.44,58.45,20,31,42,33,30,14,35,33,38,40
20191122,17:28:26.0,2019-11-22 17:28:26,UC1912,SGX,7.0475,0,11247,0.0,7.0349,7.0485,7.0301,7.0418,7.0418,1.7976931348623157e+308,1.7976931348623157e+308,0.0,7.0473,7.0472,7.0471,7.047,7.0469,7.0476,7.0477,7.0478,7.0479,7.048,5,6,20,17,31,11,4,15,14,33
20191122,17:28:26.0,2019-11-22 17:28:26,GC1912,COMEX,1470.4,0,74462,0.0,1464.3,1470.8,1463.6,1463.6,1463.6,1.7976931348623157e+308,1.7976931348623157e+308,0.0,1470.3,1470.2,1470.1,1470.0,1469.9,1470.4,1470.5,1470.6,1470.7,1470.8,15,34,32,43,40,18,33,34,39,58
20191122,17:28:26.0,2019-11-22 17:28:26,CL2001,NYMEX,58.4,0,66089,0.0,58.31,58.51,58.09,58.58,58.58,1.7976931348623157e+308,1.7976931348623157e+308,0.0,58.4,58.39,58.38,58.37,58.36,58.41,58.42,58.43,58.44,58.45,21,31,42,33,30,8,35,33,38,40
20191122,17:28:26.0,2019-11-22 17:28:26,SI1912,COMEX,17.145,0,15998,0.0,17.075,17.18,17.03,17.065,17.065,1.7976931348623157e+308,1.7976931348623157e+308,0.0,17.145,17.14,17.135,17.13,17.125,17.15,17.155,17.16,17.165,17.17,28,38,38,38,32,27,58,39,40,40
20191122,17:28:26.0,2019-11-22 17:28:26,CL2001,NYMEX,58.41,0,66103,0.0,58.31,58.51,58.09,58.58,58.58,1.7976931348623157e+308,1.7976931348623157e+308,0.0,58.4,58.39,58.38,58.37,58.36,58.41,58.42,58.43,58.44,58.45,22,31,42,33,30,15,37,30,37,35
20191122,17:28:26.0,2019-11-22 17:28:26,SI1912,COMEX,17.145,0,16024,0.0,17.075,17.18,17.03,17.065,17.065,1.7976931348623157e+308,1.7976931348623157e+308,0.0,17.14,17.135,17.13,17.125,17.12,17.145,17.15,17.155,17.16,17.165,33,38,37,32,27,18,36,60,39,41
20191122,17:28:26.0,2019-11-22 17:28:26,GC1912,COMEX,1470.3,0,74478,0.0,1464.3,1470.8,1463.6,1463.6,1463.6,1.7976931348623157e+308,1.7976931348623157e+308,0.0,1470.2,1470.1,1470.0,1469.9,1469.8,1470.3,1470.4,1470.5,1470.6,1470.7,22,30,42,40,40,15,34,36,34,38
20191122,17:28:27.0,2019-11-22 17:28:27,UC1912,SGX,7.0475,0,11247,0.0,7.0349,7.0485,7.0301,7.0418,7.0418,1.7976931348623157e+308,1.7976931348623157e+308,0.0,7.0472,7.0471,7.047,7.0469,7.0468,7.0476,7.0477,7.0478,7.0479,7.048,11,19,21,20,13,11,15,15,24,23
20191122,17:28:27.0,2019-11-22 17:28:27,GC1912,COMEX,1470.3,0,74478,0.0,1464.3,1470.8,1463.6,1463.6,1463.6,1.7976931348623157e+308,1.7976931348623157e+308,0.0,1470.2,1470.1,1470.0,1469.9,1469.8,1470.3,1470.4,1470.5,1470.6,1470.7,22,30,42,40,40,12,35,36,34,39
20191122,17:28:27.0,2019-11-22 17:28:27,SI1912,COMEX,17.145,0,16024,0.0,17.075,17.18,17.03,17.065,17.065,1.7976931348623157e+308,1.7976931348623157e+308,0.0,17.14,17.135,17.13,17.125,17.12,17.145,17.15,17.155,17.16,17.165,36,37,37,32,27,19,35,60,39,41
20191122,17:28:27.0,2019-11-22 17:28:27,CL2001,NYMEX,58.41,0,66112,0.0,58.31,58.51,58.09,58.58,58.58,1.7976931348623157e+308,1.7976931348623157e+308,0.0,58.4,58.39,58.38,58.37,58.36,58.41,58.42,58.43,58.44,58.45,25,31,43,33,28,3,36,30,36,35
20191122,17:28:27.0,2019-11-22 17:28:27,GC1912,COMEX,1470.3,0,74483,0.0,1464.3,1470.8,1463.6,1463.6,1463.6,1.7976931348623157e+308,1.7976931348623157e+308,0.0,1470.3,1470.2,1470.1,1470.0,1469.9,1470.4,1470.5,1470.6,1470.7,1470.8,8,32,30,43,40,22,35,34,39,55
20191122,17:28:27.0,2019-11-22 17:28:27,GC1912,COMEX,1470.3,0,74485,0.0,1464.3,1470.8,1463.6,1463.6,1463.6,1.7976931348623157e+308,1.7976931348623157e+308,0.0,1470.3,1470.2,1470.1,1470.0,1469.9,1470.4,1470.5,1470.6,1470.7,1470.8,2,29,32,43,40,23,35,34,39,58
20191122,17:28:27.0,2019-11-22 17:28:27,GC1912,COMEX,1470.3,0,74488,0.0,1464.3,1470.8,1463.6,1463.6,1463.6,1.7976931348623157e+308,1.7976931348623157e+308,0.0,1470.2,1470.1,1470.0,1469.9,1469.8,1470.3,1470.4,1470.5,1470.6,1470.7,22,30,43,40,40,11,32,36,34,39
20191122,17:28:27.0,2019-11-22 17:28:27,CL2001,NYMEX,58.41,0,66113,0.0,58.31,58.51,58.09,58.58,58.58,1.7976931348623157e+308,1.7976931348623157e+308,0.0,58.4,58.39,58.38,58.37,58.36,58.41,58.42,58.43,58.44,58.45,25,29,43,33,30,3,35,30,36,35
20191122,17:28:28.0,2019-11-22 17:28:28,UC1912,SGX,7.0475,0,11247,0.0,7.0349,7.0485,7.0301,7.0418,7.0418,1.7976931348623157e+308,1.7976931348623157e+308,0.0,7.0472,7.0471,7.047,7.0469,7.0468,7.0476,7.0477,7.0478,7.0479,7.048,6,24,21,20,13,11,15,15,24,23
20191122,17:28:28.0,2019-11-22 17:28:28,GC1912,COMEX,1470.3,0,74488,0.0,1464.3,1470.8,1463.6,1463.6,1463.6,1.7976931348623157e+308,1.7976931348623157e+308,0.0,1470.2,1470.1,1470.0,1469.9,1469.8,1470.3,1470.4,1470.5,1470.6,1470.7,22,30,43,40,40,13,32,36,34,39
20191122,17:28:28.0,2019-11-22 17:28:28,CL2001,NYMEX,58.41,0,66113,0.0,58.31,58.51,58.09,58.58,58.58,1.7976931348623157e+308,1.7976931348623157e+308,0.0,58.4,58.39,58.38,58.37,58.36,58.41,58.42,58.43,58.44,58.45,24,29,43,33,30,3,35,30,36,35
20191122,17:28:28.0,2019-11-22 17:28:28,SI1912,COMEX,17.145,0,16024,0.0,17.075,17.18,17.03,17.065,17.065,1.7976931348623157e+308,1.7976931348623157e+308,0.0,17.14,17.135,17.13,17.125,17.12,17.145,17.15,17.155,17.16,17.165,42,35,37,32,27,12,35,60,39,41
20191122,17:28:28.0,2019-11-22 17:28:28,GC1912,COMEX,1470.3,0,74494,0.0,1464.3,1470.8,1463.6,1463.6,1463.6,1.7976931348623157e+308,1.7976931348623157e+308,0.0,1470.3,1470.2,1470.1,1470.0,1469.9,1470.4,1470.5,1470.6,1470.7,1470.8,10,33,32,43,40,19,35,34,39,58
20191122,17:28:29.0,2019-11-22 17:28:29,CL2001,NYMEX,58.41,0,66113,0.0,58.31,58.51,58.09,58.58,58.58,1.7976931348623157e+308,1.7976931348623157e+308,0.0,58.4,58.39,58.38,58.37,58.36,58.41,58.42,58.43,58.44,58.45,24,29,42,33,30,6,35,30,36,35
20191122,17:28:29.0,2019-11-22 17:28:29,GC1912,COMEX,1470.3,0,74494,0.0,1464.3,1470.8,1463.6,1463.6,1463.6,1.7976931348623157e+308,1.7976931348623157e+308,0.0,1470.3,1470.2,1470.1,1470.0,1469.9,1470.4,1470.5,1470.6,1470.7,1470.8,10,33,32,43,40,20,35,34,39,58
20191122,17:28:29.0,2019-11-22 17:28:29,UC1912,SGX,7.0475,0,11247,0.0,7.0349,7.0485,7.0301,7.0418,7.0418,1.7976931348623157e+308,1.7976931348623157e+308,0.0,7.0472,7.0471,7.047,7.0469,7.0468,7.0476,7.0477,7.0478,7.0479,7.048,6,19,18,23,13,11,15,15,24,23
20191122,17:28:30.0,2019-11-22 17:28:30,UC1912,SGX,7.0475,0,11247,0.0,7.0349,7.0485,7.0301,7.0418,7.0418,1.7976931348623157e+308,1.7976931348623157e+308,0.0,7.0472,7.0471,7.047,7.0469,7.0468,7.0476,7.0477,7.0478,7.0479,7.048,6,19,18,23,18,11,15,15,24,23
20191122,17:28:30.0,2019-11-22 17:28:30,SI1912,COMEX,17.145,0,16024,0.0,17.075,17.18,17.03,17.065,17.065,1.7976931348623157e+308,1.7976931348623157e+308,0.0,17.14,17.135,17.13,17.125,17.12,17.145,17.15,17.155,17.16,17.165,42,35,37,32,27,12,35,60,39,41
20191122,17:28:30.0,2019-11-22 17:28:30,GC1912,COMEX,1470.3,0,74494,0.0,1464.3,1470.8,1463.6,1463.6,1463.6,1.7976931348623157e+308,1.7976931348623157e+308,0.0,1470.3,1470.2,1470.1,1470.0,1469.9,1470.4,1470.5,1470.6,1470.7,1470.8,1,29,32,43,40,24,35,34,39,58
20191122,17:28:30.0,2019-11-22 17:28:30,CL2001,NYMEX,58.41,0,66113,0.0,58.31,58.51,58.09,58.58,58.58,1.7976931348623157e+308,1.7976931348623157e+308,0.0,58.4,58.39,58.38,58.37,58.36,58.41,58.42,58.43,58.44,58.45,24,29,42,33,30,6,35,30,35,35
20191122,17:28:31.0,2019-11-22 17:28:31,GC1912,COMEX,1470.3,0,74494,0.0,1464.3,1470.8,1463.6,1463.6,1463.6,1.7976931348623157e+308,1.7976931348623157e+308,0.0,1470.3,1470.2,1470.1,1470.0,1469.9,1470.4,1470.5,1470.6,1470.7,1470.8,6,34,32,43,40,20,35,34,39,58
20191122,17:28:31.0,2019-11-22 17:28:31,UC1912,SGX,7.0475,0,11247,0.0,7.0349,7.0485,7.0301,7.0418,7.0418,1.7976931348623157e+308,1.7976931348623157e+308,0.0,7.0472,7.0471,7.047,7.0469,7.0468,7.0476,7.0477,7.0478,7.0479,7.048,4,19,18,20,13,11,15,15,24,23
20191122,17:28:31.0,2019-11-22 17:28:31,GC1912,COMEX,1470.4,0,74495,0.0,1464.3,1470.8,1463.6,1463.6,1463.6,1.7976931348623157e+308,1.7976931348623157e+308,0.0,1470.3,1470.2,1470.1,1470.0,1469.9,1470.4,1470.5,1470.6,1470.7,1470.8,7,34,33,43,40,21,35,33,41,58
20191122,17:28:31.0,2019-11-22 17:28:31,CL2001,NYMEX,58.41,0,66114,0.0,58.31,58.51,58.09,58.58,58.58,1.7976931348623157e+308,1.7976931348623157e+308,0.0,58.4,58.39,58.38,58.37,58.36,58.41,58.42,58.43,58.44,58.45,25,29,42,33,30,4,35,30,35,35
20191122,17:28:32.0,2019-11-22 17:28:32,UC1912,SGX,7.0475,0,11247,0.0,7.0349,7.0485,7.0301,7.0418,7.0418,1.7976931348623157e+308,1.7976931348623157e+308,0.0,7.0473,7.0472,7.0471,7.047,7.0469,7.0476,7.0477,7.0478,7.0479,7.048,9,6,20,18,20,5,3,15,14,23
20191122,17:28:32.0,2019-11-22 17:28:32,GC1912,COMEX,1470.4,0,74495,0.0,1464.3,1470.8,1463.6,1463.6,1463.6,1.7976931348623157e+308,1.7976931348623157e+308,0.0,1470.3,1470.2,1470.1,1470.0,1469.9,1470.4,1470.5,1470.6,1470.7,1470.8,8,34,33,43,40,21,35,33,41,58
20191122,17:28:32.0,2019-11-22 17:28:32,CL2001,NYMEX,58.41,0,66114,0.0,58.31,58.51,58.09,58.58,58.58,1.7976931348623157e+308,1.7976931348623157e+308,0.0,58.4,58.39,58.38,58.37,58.36,58.41,58.42,58.43,58.44,58.45,25,29,42,33,30,6,35,30,35,35
20191122,17:28:32.0,2019-11-22 17:28:32,SI1912,COMEX,17.145,0,16024,0.0,17.075,17.18,17.03,17.065,17.065,1.7976931348623157e+308,1.7976931348623157e+308,0.0,17.14,17.135,17.13,17.125,17.12,17.145,17.15,17.155,17.16,17.165,43,34,37,32,27,12,35,60,39,41
20191122,17:28:33.0,2019-11-22 17:28:33,CL2001,NYMEX,58.41,0,66115,0.0,58.31,58.51,58.09,58.58,58.58,1.7976931348623157e+308,1.7976931348623157e+308,0.0,58.4,58.39,58.38,58.37,58.36,58.41,58.42,58.43,58.44,58.45,22,30,39,33,30,15,35,31,35,35
20191122,17:28:33.0,2019-11-22 17:28:33,GC1912,COMEX,1470.3,0,74496,0.0,1464.3,1470.8,1463.6,1463.6,1463.6,1.7976931348623157e+308,1.7976931348623157e+308,0.0,1470.3,1470.2,1470.1,1470.0,1469.9,1470.4,1470.5,1470.6,1470.7,1470.8,9,34,33,43,40,21,35,33,41,58
20191122,17:28:33.0,2019-11-22 17:28:33,SI1912,COMEX,17.145,0,16024,0.0,17.075,17.18,17.03,17.065,17.065,1.7976931348623157e+308,1.7976931348623157e+308,0.0,17.14,17.135,17.13,17.125,17.12,17.145,17.15,17.155,17.16,17.165,42,35,37,32,27,12,35,60,39,41
20191122,17:28:33.0,2019-11-22 17:28:33,UC1912,SGX,7.0475,0,11247,0.0,7.0349,7.0485,7.0301,7.0418,7.0418,1.7976931348623157e+308,1.7976931348623157e+308,0.0,7.0474,7.0473,7.0472,7.0471,7.047,7.0477,7.0478,7.0479,7.048,7.0481,9,29,5,28,18,2,5,13,13,23
20191122,17:28:34.0,2019-11-22 17:28:34,UC1912,SGX,7.0475,0,11247,0.0,7.0349,7.0485,7.0301,7.0418,7.0418,1.7976931348623157e+308,1.7976931348623157e+308,0.0,7.0474,7.0473,7.0472,7.0471,7.047,7.0478,7.0479,7.048,7.0481,7.0482,9,29,5,28,18,9,13,14,23,24
20191122,17:28:34.0,2019-11-22 17:28:34,GC1912,COMEX,1470.3,0,74496,0.0,1464.3,1470.8,1463.6,1463.6,1463.6,1.7976931348623157e+308,1.7976931348623157e+308,0.0,1470.3,1470.2,1470.1,1470.0,1469.9,1470.4,1470.5,1470.6,1470.7,1470.8,3,29,33,43,40,30,35,33,41,58
20191122,17:28:34.0,2019-11-22 17:28:34,CL2001,NYMEX,58.4,0,66116,0.0,58.31,58.51,58.09,58.58,58.58,1.7976931348623157e+308,1.7976931348623157e+308,0.0,58.4,58.39,58.38,58.37,58.36,58.41,58.42,58.43,58.44,58.45,21,30,39,33,30,18,34,31,33,35
20191122,17:28:35.0,2019-11-22 17:28:35,SI1912,COMEX,17.145,0,16024,0.0,17.075,17.18,17.03,17.065,17.065,1.7976931348623157e+308,1.7976931348623157e+308,0.0,17.14,17.135,17.13,17.125,17.12,17.145,17.15,17.155,17.16,17.165,43,35,37,32,27,12,35,60,39,41
20191122,17:28:35.0,2019-11-22 17:28:35,GC1912,COMEX,1470.3,0,74496,0.0,1464.3,1470.8,1463.6,1463.6,1463.6,1.7976931348623157e+308,1.7976931348623157e+308,0.0,1470.3,1470.2,1470.1,1470.0,1469.9,1470.4,1470.5,1470.6,1470.7,1470.8,8,31,33,43,40,26,35,33,40,58
20191122,17:28:35.0,2019-11-22 17:28:35,CL2001,NYMEX,58.4,0,66116,0.0,58.31,58.51,58.09,58.58,58.58,1.7976931348623157e+308,1.7976931348623157e+308,0.0,58.4,58.39,58.38,58.37,58.36,58.41,58.42,58.43,58.44,58.45,21,32,39,33,30,21,34,32,33,35
20191122,17:28:35.0,2019-11-22 17:28:35,UC1912,SGX,7.0475,0,11247,0.0,7.0349,7.0485,7.0301,7.0418,7.0418,1.7976931348623157e+308,1.7976931348623157e+308,0.0,7.0474,7.0473,7.0472,7.0471,7.047,7.0478,7.0479,7.048,7.0481,7.0482,9,29,5,28,18,11,13,14,23,24
20191122,17:28:35.0,2019-11-22 17:28:35,SI1912,COMEX,17.145,0,16025,0.0,17.075,17.18,17.03,17.065,17.065,1.7976931348623157e+308,1.7976931348623157e+308,0.0,17.14,17.135,17.13,17.125,17.12,17.145,17.15,17.155,17.16,17.165,43,35,37,32,27,12,35,60,39,41
20191122,17:28:36.0,2019-11-22 17:28:36,GC1912,COMEX,1470.3,0,74496,0.0,1464.3,1470.8,1463.6,1463.6,1463.6,1.7976931348623157e+308,1.7976931348623157e+308,0.0,1470.3,1470.2,1470.1,1470.0,1469.9,1470.4,1470.5,1470.6,1470.7,1470.8,11,32,33,43,40,26,36,33,39,58
20191122,17:28:36.0,2019-11-22 17:28:36,UC1912,SGX,7.0475,0,11247,0.0,7.0349,7.0485,7.0301,7.0418,7.0418,1.7976931348623157e+308,1.7976931348623157e+308,0.0,7.0474,7.0473,7.0472,7.0471,7.047,7.0478,7.0479,7.048,7.0481,7.0482,9,29,5,28,18,11,13,14,23,24
20191122,17:28:37.0,2019-11-22 17:28:37,CL2001,NYMEX,58.4,0,66130,0.0,58.31,58.51,58.09,58.58,58.58,1.7976931348623157e+308,1.7976931348623157e+308,0.0,58.4,58.39,58.38,58.37,58.36,58.41,58.42,58.43,58.44,58.45,21,31,43,33,30,19,33,35,34,40
20191122,17:28:37.0,2019-11-22 17:28:37,UC1912,SGX,7.0475,0,11247,0.0,7.0349,7.0485,7.0301,7.0418,7.0418,1.7976931348623157e+308,1.7976931348623157e+308,0.0,7.0476,7.0475,7.0474,7.0473,7.0472,7.0479,7.048,7.0481,7.0482,7.0483,4,12,30,28,5,6,4,13,14,35
20191122,17:28:37.0,2019-11-22 17:28:37,GC1912,COMEX,1470.3,0,74504,0.0,1464.3,1470.8,1463.6,1463.6,1463.6,1.7976931348623157e+308,1.7976931348623157e+308,0.0,1470.2,1470.1,1470.0,1469.9,1469.8,1470.3,1470.4,1470.5,1470.6,1470.7,22,30,43,40,40,14,39,37,34,39
20191122,17:28:37.0,2019-11-22 17:28:37,SI1912,COMEX,17.145,0,16025,0.0,17.075,17.18,17.03,17.065,17.065,1.7976931348623157e+308,1.7976931348623157e+308,0.0,17.14,17.135,17.13,17.125,17.12,17.145,17.15,17.155,17.16,17.165,40,37,37,32,27,17,35,60,42,41
20191122,17:28:38.0,2019-11-22 17:28:38,UC1912,SGX,7.0475,0,11247,0.0,7.0349,7.0485,7.0301,7.0418,7.0418,1.7976931348623157e+308,1.7976931348623157e+308,0.0,7.0475,7.0474,7.0473,7.0472,7.0471,7.0478,7.0479,7.048,7.0481,7.0482,15,29,28,5,18,5,6,5,13,14
20191122,17:28:38.0,2019-11-22 17:28:38,SI1912,COMEX,17.145,0,16025,0.0,17.075,17.18,17.03,17.065,17.065,1.7976931348623157e+308,1.7976931348623157e+308,0.0,17.14,17.135,17.13,17.125,17.12,17.145,17.15,17.155,17.16,17.165,41,36,37,32,27,17,35,60,42,41
20191122,17:28:38.0,2019-11-22 17:28:38,GC1912,COMEX,1470.3,0,74504,0.0,1464.3,1470.8,1463.6,1463.6,1463.6,1.7976931348623157e+308,1.7976931348623157e+308,0.0,1470.2,1470.1,1470.0,1469.9,1469.8,1470.3,1470.4,1470.5,1470.6,1470.7,22,30,43,40,40,13,39,37,34,39
20191122,17:28:38.0,2019-11-22 17:28:38,CL2001,NYMEX,58.4,0,66132,0.0,58.31,58.51,58.09,58.58,58.58,1.7976931348623157e+308,1.7976931348623157e+308,0.0,58.39,58.38,58.37,58.36,58.35,58.4,58.41,58.42,58.43,58.44,27,41,32,30,27,13,27,36,35,34
20191122,17:28:38.0,2019-11-22 17:28:38,GC1912,COMEX,1470.3,0,74513,0.0,1464.3,1470.8,1463.6,1463.6,1463.6,1.7976931348623157e+308,1.7976931348623157e+308,0.0,1470.3,1470.2,1470.1,1470.0,1469.9,1470.4,1470.5,1470.6,1470.7,1470.8,15,31,31,43,40,25,36,34,39,55
20191122,17:28:39.0,2019-11-22 17:28:39,CL2001,NYMEX,58.4,0,66132,0.0,58.31,58.51,58.09,58.58,58.58,1.7976931348623157e+308,1.7976931348623157e+308,0.0,58.39,58.38,58.37,58.36,58.35,58.4,58.41,58.42,58.43,58.44,24,41,32,30,27,18,26,36,35,34
20191122,17:28:39.0,2019-11-22 17:28:39,GC1912,COMEX,1470.3,0,74513,0.0,1464.3,1470.8,1463.6,1463.6,1463.6,1.7976931348623157e+308,1.7976931348623157e+308,0.0,1470.3,1470.2,1470.1,1470.0,1469.9,1470.4,1470.5,1470.6,1470.7,1470.8,17,31,33,43,40,23,36,34,39,58
20191122,17:28:39.0,2019-11-22 17:28:39,SI1912,COMEX,17.145,0,16025,0.0,17.075,17.18,17.03,17.065,17.065,1.7976931348623157e+308,1.7976931348623157e+308,0.0,17.14,17.135,17.13,17.125,17.12,17.145,17.15,17.155,17.16,17.165,41,36,37,32,27,12,35,60,42,41
20191122,17:28:39.0,2019-11-22 17:28:39,GC1912,COMEX,1470.3,0,74515,0.0,1464.3,1470.8,1463.6,1463.6,1463.6,1.7976931348623157e+308,1.7976931348623157e+308,0.0,1470.2,1470.1,1470.0,1469.9,1469.8,1470.4,1470.5,1470.6,1470.7,1470.8,28,30,43,40,37,32,36,34,39,58
20191122,17:28:39.0,2019-11-22 17:28:39,GC1912,COMEX,1470.3,0,74516,0.0,1464.3,1470.8,1463.6,1463.6,1463.6,1.7976931348623157e+308,1.7976931348623157e+308,0.0,1470.2,1470.1,1470.0,1469.9,1469.8,1470.4,1470.5,1470.6,1470.7,1470.8,28,30,43,40,40,33,36,34,40,58
20191122,17:28:40.0,2019-11-22 17:28:40,GC1912,COMEX,1470.3,0,74516,0.0,1464.3,1470.8,1463.6,1463.6,1463.6,1.7976931348623157e+308,1.7976931348623157e+308,0.0,1470.2,1470.1,1470.0,1469.9,1469.8,1470.3,1470.4,1470.5,1470.6,1470.7,23,30,43,40,40,5,37,35,34,40
20191122,17:28:40.0,2019-11-22 17:28:40,CL2001,NYMEX,58.4,0,66132,0.0,58.31,58.51,58.09,58.58,58.58,1.7976931348623157e+308,1.7976931348623157e+308,0.0,58.39,58.38,58.37,58.36,58.35,58.4,58.41,58.42,58.43,58.44,25,40,32,30,27,20,26,36,36,34
20191122,17:28:40.0,2019-11-22 17:28:40,UC1912,SGX,7.0475,0,11247,0.0,7.0349,7.0485,7.0301,7.0418,7.0418,1.7976931348623157e+308,1.7976931348623157e+308,0.0,7.0475,7.0474,7.0473,7.0472,7.0471,7.0478,7.0479,7.048,7.0481,7.0482,15,29,31,5,18,5,6,5,13,14
20191122,17:28:40.0,2019-11-22 17:28:40,GC1912,COMEX,1470.3,0,74517,0.0,1464.3,1470.8,1463.6,1463.6,1463.6,1.7976931348623157e+308,1.7976931348623157e+308,0.0,1470.3,1470.2,1470.1,1470.0,1469.9,1470.4,1470.5,1470.6,1470.7,1470.8,4,30,30,43,40,26,36,34,40,54
20191122,17:28:40.0,2019-11-22 17:28:40,GC1912,COMEX,1470.3,0,74520,0.0,1464.3,1470.8,1463.6,1463.6,1463.6,1.7976931348623157e+308,1.7976931348623157e+308,0.0,1470.2,1470.1,1470.0,1469.9,1469.8,1470.4,1470.5,1470.6,1470.7,1470.8,27,30,43,40,40,28,36,34,40,57
20191122,17:28:41.0,2019-11-22 17:28:41,GC1912,COMEX,1470.3,0,74520,0.0,1464.3,1470.8,1463.6,1463.6,1463.6,1.7976931348623157e+308,1.7976931348623157e+308,0.0,1470.2,1470.1,1470.0,1469.9,1469.8,1470.4,1470.5,1470.6,1470.7,1470.8,27,30,43,40,40,29,36,34,40,57
20191122,17:28:41.0,2019-11-22 17:28:41,GC1912,COMEX,1470.4,0,74521,0.0,1464.3,1470.8,1463.6,1463.6,1463.6,1.7976931348623157e+308,1.7976931348623157e+308,0.0,1470.2,1470.1,1470.0,1469.9,1469.8,1470.4,1470.5,1470.6,1470.7,1470.8,28,30,43,40,40,28,36,34,40,57
20191122,17:28:41.0,2019-11-22 17:28:41,CL2001,NYMEX,58.4,0,66132,0.0,58.31,58.51,58.09,58.58,58.58,1.7976931348623157e+308,1.7976931348623157e+308,0.0,58.39,58.38,58.37,58.36,58.35,58.4,58.41,58.42,58.43,58.44,20,40,32,30,27,22,26,33,36,34
20191122,17:28:41.0,2019-11-22 17:28:41,SI1912,COMEX,17.145,0,16025,0.0,17.075,17.18,17.03,17.065,17.065,1.7976931348623157e+308,1.7976931348623157e+308,0.0,17.14,17.135,17.13,17.125,17.12,17.145,17.15,17.155,17.16,17.165,41,36,37,32,27,14,35,60,42,41
20191122,17:28:42.0,2019-11-22 17:28:42,GC1912,COMEX,1470.4,0,74521,0.0,1464.3,1470.8,1463.6,1463.6,1463.6,1.7976931348623157e+308,1.7976931348623157e+308,0.0,1470.2,1470.1,1470.0,1469.9,1469.8,1470.3,1470.4,1470.5,1470.6,1470.7,19,30,43,40,40,11,35,37,34,40
20191122,17:28:42.0,2019-11-22 17:28:42,SI1912,COMEX,17.145,0,16025,0.0,17.075,17.18,17.03,17.065,17.065,1.7976931348623157e+308,1.7976931348623157e+308,0.0,17.14,17.135,17.13,17.125,17.12,17.145,17.15,17.155,17.16,17.165,41,36,37,32,27,13,35,60,42,41
20191122,17:28:42.0,2019-11-22 17:28:42,GC1912,COMEX,1470.3,0,74522,0.0,1464.3,1470.8,1463.6,1463.6,1463.6,1.7976931348623157e+308,1.7976931348623157e+308,0.0,1470.3,1470.2,1470.1,1470.0,1469.9,1470.4,1470.5,1470.6,1470.7,1470.8,3,32,32,43,40,24,36,34,40,57
20191122,17:28:42.0,2019-11-22 17:28:42,CL2001,NYMEX,58.4,0,66132,0.0,58.31,58.51,58.09,58.58,58.58,1.7976931348623157e+308,1.7976931348623157e+308,0.0,58.39,58.38,58.37,58.36,58.35,58.4,58.41,58.42,58.43,58.44,20,40,32,30,27,19,26,33,36,34
20191122,17:28:43.0,2019-11-22 17:28:43,SI1912,COMEX,17.145,0,16025,0.0,17.075,17.18,17.03,17.065,17.065,1.7976931348623157e+308,1.7976931348623157e+308,0.0,17.14,17.135,17.13,17.125,17.12,17.145,17.15,17.155,17.16,17.165,41,36,37,32,27,12,35,60,42,41
20191122,17:28:43.0,2019-11-22 17:28:43,GC1912,COMEX,1470.3,0,74522,0.0,1464.3,1470.8,1463.6,1463.6,1463.6,1.7976931348623157e+308,1.7976931348623157e+308,0.0,1470.3,1470.2,1470.1,1470.0,1469.9,1470.4,1470.5,1470.6,1470.7,1470.8,13,32,33,43,40,20,36,34,40,57
20191122,17:28:43.0,2019-11-22 17:28:43,CL2001,NYMEX,58.39,0,66154,0.0,58.31,58.51,58.09,58.58,58.58,1.7976931348623157e+308,1.7976931348623157e+308,0.0,58.38,58.37,58.36,58.35,58.34,58.39,58.4,58.41,58.42,58.43,28,32,29,22,33,6,28,26,36,36
20191122,17:28:43.0,2019-11-22 17:28:43,CL2001,NYMEX,58.39,0,66160,0.0,58.31,58.51,58.09,58.58,58.58,1.7976931348623157e+308,1.7976931348623157e+308,0.0,58.39,58.38,58.37,58.36,58.35,58.4,58.41,58.42,58.43,58.44,15,33,33,30,27,21,26,33,36,34
20191122,17:28:44.0,2019-11-22 17:28:44,CL2001,NYMEX,58.39,0,66162,0.0,58.31,58.51,58.09,58.58,58.58,1.7976931348623157e+308,1.7976931348623157e+308,0.0,58.38,58.37,58.36,58.35,58.34,58.4,58.41,58.42,58.43,58.44,32,31,30,22,33,23,26,36,36,34
20191122,17:28:44.0,2019-11-22 17:28:44,GC1912,COMEX,1470.3,0,74522,0.0,1464.3,1470.8,1463.6,1463.6,1463.6,1.7976931348623157e+308,1.7976931348623157e+308,0.0,1470.3,1470.2,1470.1,1470.0,1469.9,1470.4,1470.5,1470.6,1470.7,1470.8,17,32,33,43,40,20,36,34,40,57
20191122,17:28:44.0,2019-11-22 17:28:44,UC1912,SGX,7.0475,0,11247,0.0,7.0349,7.0485,7.0301,7.0418,7.0418,1.7976931348623157e+308,1.7976931348623157e+308,0.0,7.0475,7.0474,7.0473,7.0472,7.0471,7.0478,7.0479,7.048,7.0481,7.0482,6,18,31,15,18,9,7,15,13,14
20191122,17:28:45.0,2019-11-22 17:28:45,GC1912,COMEX,1470.3,0,74522,0.0,1464.3,1470.8,1463.6,1463.6,1463.6,1.7976931348623157e+308,1.7976931348623157e+308,0.0,1470.3,1470.2,1470.1,1470.0,1469.9,1470.4,1470.5,1470.6,1470.7,1470.8,17,32,33,43,40,16,36,34,40,57
20191122,17:28:45.0,2019-11-22 17:28:45,UC1912,SGX,7.0475,0,11247,0.0,7.0349,7.0485,7.0301,7.0418,7.0418,1.7976931348623157e+308,1.7976931348623157e+308,0.0,7.0475,7.0474,7.0473,7.0472,7.0471,7.0478,7.0479,7.048,7.0481,7.0482,8,4,21,25,18,11,7,15,13,24
20191122,17:28:45.0,2019-11-22 17:28:45,GC1912,COMEX,1470.3,0,74523,0.0,1464.3,1470.8,1463.6,1463.6,1463.6,1.7976931348623157e+308,1.7976931348623157e+308,0.0,1470.3,1470.2,1470.1,1470.0,1469.9,1470.4,1470.5,1470.6,1470.7,1470.8,16,32,33,43,40,19,36,34,40,57
20191122,17:28:46.0,2019-11-22 17:28:46,GC1912,COMEX,1470.3,0,74523,0.0,1464.3,1470.8,1463.6,1463.6,1463.6,1.7976931348623157e+308,1.7976931348623157e+308,0.0,1470.3,1470.2,1470.1,1470.0,1469.9,1470.4,1470.5,1470.6,1470.7,1470.8,16,32,33,43,40,19,36,34,40,57
20191122,17:28:46.0,2019-11-22 17:28:46,SI1912,COMEX,17.145,0,16025,0.0,17.075,17.18,17.03,17.065,17.065,1.7976931348623157e+308,1.7976931348623157e+308,0.0,17.14,17.135,17.13,17.125,17.12,17.145,17.15,17.155,17.16,17.165,44,33,37,32,27,12,35,60,42,41
20191122,17:28:46.0,2019-11-22 17:28:46,CL2001,NYMEX,58.39,0,66162,0.0,58.31,58.51,58.09,58.58,58.58,1.7976931348623157e+308,1.7976931348623157e+308,0.0,58.39,58.38,58.37,58.36,58.35,58.4,58.41,58.42,58.43,58.44,13,33,31,30,27,21,27,32,36,34
20191122,17:28:46.0,2019-11-22 17:28:46,UC1912,SGX,7.0475,0,11247,0.0,7.0349,7.0485,7.0301,7.0418,7.0418,1.7976931348623157e+308,1.7976931348623157e+308,0.0,7.0475,7.0474,7.0473,7.0472,7.0471,7.0477,7.0478,7.0479,7.048,7.0481,2,2,18,25,18,4,12,17,15,13
20191122,17:28:46.0,2019-11-22 17:28:46,GC1912,COMEX,1470.3,0,74524,0.0,1464.3,1470.8,1463.6,1463.6,1463.6,1.7976931348623157e+308,1.7976931348623157e+308,0.0,1470.3,1470.2,1470.1,1470.0,1469.9,1470.4,1470.5,1470.6,1470.7,1470.8,16,32,33,43,40,19,36,35,40,57
20191122,17:28:46.0,2019-11-22 17:28:46,SI1912,COMEX,17.145,0,16039,0.0,17.075,17.18,17.03,17.065,17.065,1.7976931348623157e+308,1.7976931348623157e+308,0.0,17.14,17.135,17.13,17.125,17.12,17.15,17.155,17.16,17.165,17.17,46,33,37,32,27,35,60,42,41,41
20191122,17:28:47.0,2019-11-22 17:28:47,GC1912,COMEX,1470.3,0,74524,0.0,1464.3,1470.8,1463.6,1463.6,1463.6,1.7976931348623157e+308,1.7976931348623157e+308,0.0,1470.3,1470.2,1470.1,1470.0,1469.9,1470.4,1470.5,1470.6,1470.7,1470.8,20,32,33,43,40,9,35,35,40,57
20191122,17:28:47.0,2019-11-22 17:28:47,SI1912,COMEX,17.145,0,16039,0.0,17.075,17.18,17.03,17.065,17.065,1.7976931348623157e+308,1.7976931348623157e+308,0.0,17.145,17.14,17.135,17.13,17.125,17.15,17.155,17.16,17.165,17.17,19,43,35,37,33,19,60,40,40,43
20191122,17:28:47.0,2019-11-22 17:28:47,CL2001,NYMEX,58.39,0,66162,0.0,58.31,58.51,58.09,58.58,58.58,1.7976931348623157e+308,1.7976931348623157e+308,0.0,58.39,58.38,58.37,58.36,58.35,58.4,58.41,58.42,58.43,58.44,13,33,31,30,27,21,27,32,36,34
20191122,17:28:47.0,2019-11-22 17:28:47,CL2001,NYMEX,58.39,0,66168,0.0,58.31,58.51,58.09,58.58,58.58,1.7976931348623157e+308,1.7976931348623157e+308,0.0,58.38,58.37,58.36,58.35,58.34,58.39,58.4,58.41,58.42,58.43,29,32,26,22,33,10,27,27,35,36
20191122,17:28:47.0,2019-11-22 17:28:47,UC1912,SGX,7.0475,0,11247,0.0,7.0349,7.0485,7.0301,7.0418,7.0418,1.7976931348623157e+308,1.7976931348623157e+308,0.0,7.0475,7.0474,7.0473,7.0472,7.0471,7.0477,7.0478,7.0479,7.048,7.0481,2,2,18,25,18,4,12,17,15,13
20191122,17:28:47.0,2019-11-22 17:28:47,CL2001,NYMEX,58.39,0,66169,0.0,58.31,58.51,58.09,58.58,58.58,1.7976931348623157e+308,1.7976931348623157e+308,0.0,58.38,58.37,58.36,58.35,58.34,58.39,58.4,58.41,58.42,58.43,29,32,26,22,33,5,27,27,35,36
20191122,17:28:48.0,2019-11-22 17:28:48,GC1912,COMEX,1470.3,0,74524,0.0,1464.3,1470.8,1463.6,1463.6,1463.6,1.7976931348623157e+308,1.7976931348623157e+308,0.0,1470.3,1470.2,1470.1,1470.0,1469.9,1470.4,1470.5,1470.6,1470.7,1470.8,16,32,33,43,40,15,35,35,40,57
20191122,17:28:48.0,2019-11-22 17:28:48,SI1912,COMEX,17.145,0,16039,0.0,17.075,17.18,17.03,17.065,17.065,1.7976931348623157e+308,1.7976931348623157e+308,0.0,17.145,17.14,17.135,17.13,17.125,17.15,17.155,17.16,17.165,17.17,20,43,35,37,33,19,60,40,40,43
20191122,17:28:48.0,2019-11-22 17:28:48,UC1912,SGX,7.0475,0,11247,0.0,7.0349,7.0485,7.0301,7.0418,7.0418,1.7976931348623157e+308,1.7976931348623157e+308,0.0,7.0474,7.0473,7.0472,7.0471,7.047,7.0476,7.0477,7.0478,7.0479,7.048,2,7,25,18,18,7,7,12,15,15
20191122,17:28:48.0,2019-11-22 17:28:48,GC1912,COMEX,1470.3,0,74526,0.0,1464.3,1470.8,1463.6,1463.6,1463.6,1.7976931348623157e+308,1.7976931348623157e+308,0.0,1470.3,1470.2,1470.1,1470.0,1469.9,1470.4,1470.5,1470.6,1470.7,1470.8,17,32,33,43,40,12,35,35,40,57
20191122,17:28:49.0,2019-11-22 17:28:49,UC1912,SGX,7.0475,0,11247,0.0,7.0349,7.0485,7.0301,7.0418,7.0418,1.7976931348623157e+308,1.7976931348623157e+308,0.0,7.0474,7.0473,7.0472,7.0471,7.047,7.0477,7.0478,7.0479,7.048,7.0481,11,7,25,18,18,2,9,15,15,23
20191122,17:28:49.0,2019-11-22 17:28:49,GC1912,COMEX,1470.3,0,74526,0.0,1464.3,1470.8,1463.6,1463.6,1463.6,1.7976931348623157e+308,1.7976931348623157e+308,0.0,1470.3,1470.2,1470.1,1470.0,1469.9,1470.4,1470.5,1470.6,1470.7,1470.8,17,32,33,43,40,12,35,35,40,57
20191122,17:28:49.0,2019-11-22 17:28:49,GC1912,COMEX,1470.3,0,74527,0.0,1464.3,1470.8,1463.6,1463.6,1463.6,1.7976931348623157e+308,1.7976931348623157e+308,0.0,1470.3,1470.2,1470.1,1470.0,1469.9,1470.4,1470.5,1470.6,1470.7,1470.8,17,34,33,43,40,11,35,35,40,57
20191122,17:28:49.0,2019-11-22 17:28:49,SI1912,COMEX,17.145,0,16039,0.0,17.075,17.18,17.03,17.065,17.065,1.7976931348623157e+308,1.7976931348623157e+308,0.0,17.145,17.14,17.135,17.13,17.125,17.15,17.155,17.16,17.165,17.17,16,47,35,37,33,19,60,40,40,43
20191122,17:28:49.0,2019-11-22 17:28:49,CL2001,NYMEX,58.39,0,66174,0.0,58.31,58.51,58.09,58.58,58.58,1.7976931348623157e+308,1.7976931348623157e+308,0.0,58.38,58.37,58.36,58.35,58.34,58.39,58.4,58.41,58.42,58.43,29,32,27,22,33,4,22,27,35,36
20191122,17:28:50.0,2019-11-22 17:28:50,SI1912,COMEX,17.145,0,16039,0.0,17.075,17.18,17.03,17.065,17.065,1.7976931348623157e+308,1.7976931348623157e+308,0.0,17.145,17.14,17.135,17.13,17.125,17.15,17.155,17.16,17.165,17.17,20,43,35,37,33,19,60,40,40,43
20191122,17:28:50.0,2019-11-22 17:28:50,GC1912,COMEX,1470.3,0,74527,0.0,1464.3,1470.8,1463.6,1463.6,1463.6,1.7976931348623157e+308,1.7976931348623157e+308,0.0,1470.3,1470.2,1470.1,1470.0,1469.9,1470.4,1470.5,1470.6,1470.7,1470.8,17,34,33,43,40,10,35,35,40,57
20191122,17:28:50.0,2019-11-22 17:28:50,CL2001,NYMEX,58.39,0,66174,0.0,58.31,58.51,58.09,58.58,58.58,1.7976931348623157e+308,1.7976931348623157e+308,0.0,58.38,58.37,58.36,58.35,58.34,58.39,58.4,58.41,58.42,58.43,29,32,27,22,33,5,22,27,35,36
20191122,17:28:50.0,2019-11-22 17:28:50,UC1912,SGX,7.0475,0,11247,0.0,7.0349,7.0485,7.0301,7.0418,7.0418,1.7976931348623157e+308,1.7976931348623157e+308,0.0,7.0474,7.0473,7.0472,7.0471,7.047,7.0477,7.0478,7.0479,7.048,7.0481,6,7,28,18,18,2,9,15,15,13
20191122,17:28:51.0,2019-11-22 17:28:51,SI1912,COMEX,17.145,0,16039,0.0,17.075,17.18,17.03,17.065,17.065,1.7976931348623157e+308,1.7976931348623157e+308,0.0,17.145,17.14,17.135,17.13,17.125,17.15,17.155,17.16,17.165,17.17,20,43,35,37,33,20,60,40,40,43
20191122,17:28:51.0,2019-11-22 17:28:51,UC1912,SGX,7.0475,0,11247,0.0,7.0349,7.0485,7.0301,7.0418,7.0418,1.7976931348623157e+308,1.7976931348623157e+308,0.0,7.0474,7.0473,7.0472,7.0471,7.047,7.0477,7.0478,7.0479,7.048,7.0481,6,7,25,18,18,2,9,15,15,13
20191122,17:28:51.0,2019-11-22 17:28:51,GC1912,COMEX,1470.3,0,74529,0.0,1464.3,1470.8,1463.6,1463.6,1463.6,1.7976931348623157e+308,1.7976931348623157e+308,0.0,1470.3,1470.2,1470.1,1470.0,1469.9,1470.4,1470.5,1470.6,1470.7,1470.8,14,34,33,43,40,18,36,35,41,57
20191122,17:28:51.0,2019-11-22 17:28:51,CL2001,NYMEX,58.39,0,66174,0.0,58.31,58.51,58.09,58.58,58.58,1.7976931348623157e+308,1.7976931348623157e+308,0.0,58.38,58.37,58.36,58.35,58.34,58.39,58.4,58.41,58.42,58.43,29,32,27,22,33,5,22,29,35,36
20191122,17:28:52.0,2019-11-22 17:28:52,CL2001,NYMEX,58.39,0,66179,0.0,58.31,58.51,58.09,58.58,58.58,1.7976931348623157e+308,1.7976931348623157e+308,0.0,58.38,58.37,58.36,58.35,58.34,58.4,58.41,58.42,58.43,58.44,32,31,30,22,33,23,29,35,36,34
20191122,17:28:52.0,2019-11-22 17:28:52,GC1912,COMEX,1470.3,0,74529,0.0,1464.3,1470.8,1463.6,1463.6,1463.6,1.7976931348623157e+308,1.7976931348623157e+308,0.0,1470.3,1470.2,1470.1,1470.0,1469.9,1470.4,1470.5,1470.6,1470.7,1470.8,18,34,33,43,40,11,35,35,41,57
20191122,17:28:52.0,2019-11-22 17:28:52,SI1912,COMEX,17.145,0,16039,0.0,17.075,17.18,17.03,17.065,17.065,1.7976931348623157e+308,1.7976931348623157e+308,0.0,17.145,17.14,17.135,17.13,17.125,17.15,17.155,17.16,17.165,17.17,16,47,35,37,33,20,60,40,40,43
20191122,17:28:52.0,2019-11-22 17:28:52,UC1912,SGX,7.0475,0,11247,0.0,7.0349,7.0485,7.0301,7.0418,7.0418,1.7976931348623157e+308,1.7976931348623157e+308,0.0,7.0474,7.0473,7.0472,7.0471,7.047,7.0477,7.0478,7.0479,7.048,7.0481,6,7,25,23,18,2,9,15,15,13
20191122,17:28:53.0,2019-11-22 17:28:53,GC1912,COMEX,1470.3,0,74529,0.0,1464.3,1470.8,1463.6,1463.6,1463.6,1.7976931348623157e+308,1.7976931348623157e+308,0.0,1470.3,1470.2,1470.1,1470.0,1469.9,1470.4,1470.5,1470.6,1470.7,1470.8,19,34,33,43,40,9,35,35,41,57
20191122,17:28:53.0,2019-11-22 17:28:53,SI1912,COMEX,17.145,0,16039,0.0,17.075,17.18,17.03,17.065,17.065,1.7976931348623157e+308,1.7976931348623157e+308,0.0,17.145,17.14,17.135,17.13,17.125,17.15,17.155,17.16,17.165,17.17,17,47,35,37,33,20,60,40,40,43
20191122,17:28:53.0,2019-11-22 17:28:53,UC1912,SGX,7.0475,0,11247,0.0,7.0349,7.0485,7.0301,7.0418,7.0418,1.7976931348623157e+308,1.7976931348623157e+308,0.0,7.0474,7.0473,7.0472,7.0471,7.047,7.0477,7.0478,7.0479,7.048,7.0481,6,7,25,18,18,2,9,15,15,13
20191122,17:28:54.0,2019-11-22 17:28:54,GC1912,COMEX,1470.3,0,74529,0.0,1464.3,1470.8,1463.6,1463.6,1463.6,1.7976931348623157e+308,1.7976931348623157e+308,0.0,1470.3,1470.2,1470.1,1470.0,1469.9,1470.4,1470.5,1470.6,1470.7,1470.8,21,34,33,43,40,9,35,35,39,58
20191122,17:28:54.0,2019-11-22 17:28:54,UC1912,SGX,7.0475,0,11247,0.0,7.0349,7.0485,7.0301,7.0418,7.0418,1.7976931348623157e+308,1.7976931348623157e+308,0.0,7.0474,7.0473,7.0472,7.0471,7.047,7.0477,7.0478,7.0479,7.048,7.0481,6,7,25,23,18,2,9,15,15,13
20191122,17:28:55.0,2019-11-22 17:28:55,SI1912,COMEX,17.145,0,16039,0.0,17.075,17.18,17.03,17.065,17.065,1.7976931348623157e+308,1.7976931348623157e+308,0.0,17.145,17.14,17.135,17.13,17.125,17.15,17.155,17.16,17.165,17.17,16,47,35,37,33,20,60,40,40,43
20191122,17:28:55.0,2019-11-22 17:28:55,UC1912,SGX,7.0475,0,11247,0.0,7.0349,7.0485,7.0301,7.0418,7.0418,1.7976931348623157e+308,1.7976931348623157e+308,0.0,7.0474,7.0473,7.0472,7.0471,7.047,7.0477,7.0478,7.0479,7.048,7.0481,6,7,25,18,23,2,9,15,15,13
20191122,17:28:56.0,2019-11-22 17:28:56,CL2001,NYMEX,58.39,0,66179,0.0,58.31,58.51,58.09,58.58,58.58,1.7976931348623157e+308,1.7976931348623157e+308,0.0,58.39,58.38,58.37,58.36,58.35,58.4,58.41,58.42,58.43,58.44,21,34,33,30,28,13,29,32,36,35
20191122,17:28:56.0,2019-11-22 17:28:56,GC1912,COMEX,1470.3,0,74530,0.0,1464.3,1470.8,1463.6,1463.6,1463.6,1.7976931348623157e+308,1.7976931348623157e+308,0.0,1470.3,1470.2,1470.1,1470.0,1469.9,1470.4,1470.5,1470.6,1470.7,1470.8,16,33,33,43,40,13,35,35,39,58
20191122,17:28:56.0,2019-11-22 17:28:56,UC1912,SGX,7.0475,0,11247,0.0,7.0349,7.0485,7.0301,7.0418,7.0418,1.7976931348623157e+308,1.7976931348623157e+308,0.0,7.0474,7.0473,7.0472,7.0471,7.047,7.0477,7.0478,7.0479,7.048,7.0481,6,7,25,23,18,2,9,15,15,13
20191122,17:28:56.0,2019-11-22 17:28:56,SI1912,COMEX,17.145,0,16039,0.0,17.075,17.18,17.03,17.065,17.065,1.7976931348623157e+308,1.7976931348623157e+308,0.0,17.145,17.14,17.135,17.13,17.125,17.15,17.155,17.16,17.165,17.17,15,47,35,37,33,20,60,40,40,43
20191122,17:28:57.0,2019-11-22 17:28:57,GC1912,COMEX,1470.3,0,74530,0.0,1464.3,1470.8,1463.6,1463.6,1463.6,1.7976931348623157e+308,1.7976931348623157e+308,0.0,1470.3,1470.2,1470.1,1470.0,1469.9,1470.4,1470.5,1470.6,1470.7,1470.8,14,33,33,43,40,18,35,35,40,58
20191122,17:28:57.0,2019-11-22 17:28:57,CL2001,NYMEX,58.4,0,66180,0.0,58.31,58.51,58.09,58.58,58.58,1.7976931348623157e+308,1.7976931348623157e+308,0.0,58.39,58.38,58.37,58.36,58.35,58.4,58.41,58.42,58.43,58.44,23,34,33,30,28,7,29,32,36,35
20191122,17:28:57.0,2019-11-22 17:28:57,CL2001,NYMEX,58.39,0,66181,0.0,58.31,58.51,58.09,58.58,58.58,1.7976931348623157e+308,1.7976931348623157e+308,0.0,58.39,58.38,58.37,58.36,58.35,58.4,58.41,58.42,58.43,58.44,22,34,33,30,28,7,29,32,36,35
20191122,17:28:57.0,2019-11-22 17:28:57,SI1912,COMEX,17.145,0,16042,0.0,17.075,17.18,17.03,17.065,17.065,1.7976931348623157e+308,1.7976931348623157e+308,0.0,17.145,17.14,17.135,17.13,17.125,17.15,17.155,17.16,17.165,17.17,18,45,35,37,33,20,60,40,40,43
20191122,17:28:57.0,2019-11-22 17:28:57,CL2001,NYMEX,58.4,0,66184,0.0,58.31,58.51,58.09,58.58,58.58,1.7976931348623157e+308,1.7976931348623157e+308,0.0,58.4,58.39,58.38,58.37,58.36,58.41,58.42,58.43,58.44,58.45,22,31,34,34,30,18,31,33,35,36
20191122,17:28:57.0,2019-11-22 17:28:57,UC1912,SGX,7.0475,0,11247,0.0,7.0349,7.0485,7.0301,7.0418,7.0418,1.7976931348623157e+308,1.7976931348623157e+308,0.0,7.0474,7.0473,7.0472,7.0471,7.047,7.0477,7.0478,7.0479,7.048,7.0481,6,7,25,23,18,2,9,15,15,13
20191122,17:28:57.0,2019-11-22 17:28:57,GC1912,COMEX,1470.3,0,74540,0.0,1464.3,1470.8,1463.6,1463.6,1463.6,1.7976931348623157e+308,1.7976931348623157e+308,0.0,1470.3,1470.2,1470.1,1470.0,1469.9,1470.4,1470.5,1470.6,1470.7,1470.8,6,31,30,43,40,24,36,35,41,57
20191122,17:28:57.0,2019-11-22 17:28:57,CL2001,NYMEX,58.4,0,66185,0.0,58.31,58.51,58.09,58.58,58.58,1.7976931348623157e+308,1.7976931348623157e+308,0.0,58.4,58.39,58.38,58.37,58.36,58.41,58.42,58.43,58.44,58.45,21,31,34,34,30,18,31,33,35,36
20191122,17:28:58.0,2019-11-22 17:28:58,SI1912,COMEX,17.145,0,16042,0.0,17.075,17.18,17.03,17.065,17.065,1.7976931348623157e+308,1.7976931348623157e+308,0.0,17.145,17.14,17.135,17.13,17.125,17.15,17.155,17.16,17.165,17.17,19,45,35,37,33,20,60,40,40,43
20191122,17:28:58.0,2019-11-22 17:28:58,GC1912,COMEX,1470.3,0,74540,0.0,1464.3,1470.8,1463.6,1463.6,1463.6,1.7976931348623157e+308,1.7976931348623157e+308,0.0,1470.3,1470.2,1470.1,1470.0,1469.9,1470.4,1470.5,1470.6,1470.7,1470.8,13,32,33,43,40,22,36,35,41,57
20191122,17:28:58.0,2019-11-22 17:28:58,UC1912,SGX,7.0475,0,11247,0.0,7.0349,7.0485,7.0301,7.0418,7.0418,1.7976931348623157e+308,1.7976931348623157e+308,0.0,7.0475,7.0474,7.0473,7.0472,7.0471,7.0478,7.0479,7.048,7.0481,7.0482,11,17,8,25,33,7,6,15,13,24
20191122,17:28:58.0,2019-11-22 17:28:58,CL2001,NYMEX,58.4,0,66185,0.0,58.31,58.51,58.09,58.58,58.58,1.7976931348623157e+308,1.7976931348623157e+308,0.0,58.4,58.39,58.38,58.37,58.36,58.41,58.42,58.43,58.44,58.45,21,31,34,34,30,18,31,33,35,36
20191122,17:28:58.0,2019-11-22 17:28:58,SI1912,COMEX,17.145,0,16050,0.0,17.075,17.18,17.03,17.065,17.065,1.7976931348623157e+308,1.7976931348623157e+308,0.0,17.14,17.135,17.13,17.125,17.12,17.145,17.15,17.155,17.16,17.165,40,35,38,32,26,15,34,60,40,40
20191122,17:28:58.0,2019-11-22 17:28:58,GC1912,COMEX,1470.3,0,74541,0.0,1464.3,1470.8,1463.6,1463.6,1463.6,1.7976931348623157e+308,1.7976931348623157e+308,0.0,1470.2,1470.1,1470.0,1469.9,1469.8,1470.3,1470.4,1470.5,1470.6,1470.7,15,30,43,40,37,21,36,35,35,41
20191122,17:28:58.0,2019-11-22 17:28:58,SI1912,COMEX,17.145,0,16053,0.0,17.075,17.18,17.03,17.065,17.065,1.7976931348623157e+308,1.7976931348623157e+308,0.0,17.14,17.135,17.13,17.125,17.12,17.15,17.155,17.16,17.165,17.17,46,33,37,33,26,30,60,40,40,42
20191122,17:28:58.0,2019-11-22 17:28:58,GC1912,COMEX,1470.3,0,74544,0.0,1464.3,1470.8,1463.6,1463.6,1463.6,1.7976931348623157e+308,1.7976931348623157e+308,0.0,1470.3,1470.2,1470.1,1470.0,1469.9,1470.4,1470.5,1470.6,1470.7,1470.8,11,33,31,43,40,24,37,35,41,54
20191122,17:28:59.0,2019-11-22 17:28:59,CL2001,NYMEX,58.4,0,66185,0.0,58.31,58.51,58.09,58.58,58.58,1.7976931348623157e+308,1.7976931348623157e+308,0.0,58.4,58.39,58.38,58.37,58.36,58.41,58.42,58.43,58.44,58.45,20,31,33,34,30,20,31,33,35,36
20191122,17:28:59.0,2019-11-22 17:28:59,GC1912,COMEX,1470.3,0,74544,0.0,1464.3,1470.8,1463.6,1463.6,1463.6,1.7976931348623157e+308,1.7976931348623157e+308,0.0,1470.3,1470.2,1470.1,1470.0,1469.9,1470.4,1470.5,1470.6,1470.7,1470.8,13,33,33,43,40,24,37,35,41,57
20191122,17:28:59.0,2019-11-22 17:28:59,SI1912,COMEX,17.145,0,16053,0.0,17.075,17.18,17.03,17.065,17.065,1.7976931348623157e+308,1.7976931348623157e+308,0.0,17.14,17.135,17.13,17.125,17.12,17.15,17.155,17.16,17.165,17.17,46,34,37,33,26,30,60,40,40,42
20191122,17:28:59.0,2019-11-22 17:28:59,UC1912,SGX,7.0475,0,11247,0.0,7.0349,7.0485,7.0301,7.0418,7.0418,1.7976931348623157e+308,1.7976931348623157e+308,0.0,7.0476,7.0475,7.0474,7.0473,7.0472,7.0479,7.048,7.0481,7.0482,7.0483,6,11,28,8,25,4,5,13,14,25
20191122,17:29:00.0,2019-11-22 17:29:00,SI1912,COMEX,17.145,0,16053,0.0,17.075,17.18,17.03,17.065,17.065,1.7976931348623157e+308,1.7976931348623157e+308,0.0,17.14,17.135,17.13,17.125,17.12,17.15,17.155,17.16,17.165,17.17,45,34,37,33,26,30,60,40,40,43
20191122,17:29:00.0,2019-11-22 17:29:00,GC1912,COMEX,1470.3,0,74545,0.0,1464.3,1470.8,1463.6,1463.6,1463.6,1.7976931348623157e+308,1.7976931348623157e+308,0.0,1470.3,1470.2,1470.1,1470.0,1469.9,1470.4,1470.5,1470.6,1470.7,1470.8,7,33,33,43,40,24,37,35,41,57
20191122,17:29:00.0,2019-11-22 17:29:00,CL2001,NYMEX,58.4,0,66185,0.0,58.31,58.51,58.09,58.58,58.58,1.7976931348623157e+308,1.7976931348623157e+308,0.0,58.4,58.39,58.38,58.37,58.36,58.41,58.42,58.43,58.44,58.45,21,31,33,34,30,21,31,33,35,36
20191122,17:29:00.0,2019-11-22 17:29:00,UC1912,SGX,7.0475,0,11247,0.0,7.0349,7.0485,7.0301,7.0418,7.0418,1.7976931348623157e+308,1.7976931348623157e+308,0.0,7.0476,7.0475,7.0474,7.0473,7.0472,7.0479,7.048,7.0481,7.0482,7.0483,6,11,28,8,25,4,5,13,14,25
20191122,17:29:01.0,2019-11-22 17:29:01,UC1912,SGX,7.0475,0,11247,0.0,7.0349,7.0485,7.0301,7.0418,7.0418,1.7976931348623157e+308,1.7976931348623157e+308,0.0,7.0476,7.0475,7.0474,7.0473,7.0472,7.0478,7.0479,7.048,7.0481,7.0482,3,14,28,8,25,5,6,5,13,14
20191122,17:29:01.0,2019-11-22 17:29:01,SI1912,COMEX,17.145,0,16053,0.0,17.075,17.18,17.03,17.065,17.065,1.7976931348623157e+308,1.7976931348623157e+308,0.0,17.145,17.14,17.135,17.13,17.125,17.15,17.155,17.16,17.165,17.17,4,45,33,38,32,33,60,40,40,43
20191122,17:29:01.0,2019-11-22 17:29:01,GC1912,COMEX,1470.4,0,74565,0.0,1464.3,1470.8,1463.6,1463.6,1463.6,1.7976931348623157e+308,1.7976931348623157e+308,0.0,1470.3,1470.2,1470.1,1470.0,1469.9,1470.4,1470.5,1470.6,1470.7,1470.8,13,34,33,43,40,15,35,34,39,58
20191122,17:29:02.0,2019-11-22 17:29:02,UC1912,SGX,7.0475,0,11247,0.0,7.0349,7.0485,7.0301,7.0418,7.0418,1.7976931348623157e+308,1.7976931348623157e+308,0.0,7.0476,7.0475,7.0474,7.0473,7.0472,7.0479,7.048,7.0481,7.0482,7.0483,5,9,28,8,30,6,5,13,14,35
20191122,17:29:02.0,2019-11-22 17:29:02,CL2001,NYMEX,58.4,0,66185,0.0,58.31,58.51,58.09,58.58,58.58,1.7976931348623157e+308,1.7976931348623157e+308,0.0,58.4,58.39,58.38,58.37,58.36,58.41,58.42,58.43,58.44,58.45,21,31,33,34,30,21,31,33,35,36
20191122,17:29:02.0,2019-11-22 17:29:02,CL2001,NYMEX,58.4,0,66200,0.0,58.31,58.51,58.09,58.58,58.58,1.7976931348623157e+308,1.7976931348623157e+308,0.0,58.39,58.38,58.37,58.36,58.35,58.4,58.41,58.42,58.43,58.44,23,33,33,30,28,17,31,31,35,35
20191122,17:29:02.0,2019-11-22 17:29:02,SI1912,COMEX,17.145,0,16053,0.0,17.075,17.18,17.03,17.065,17.065,1.7976931348623157e+308,1.7976931348623157e+308,0.0,17.145,17.14,17.135,17.13,17.125,17.15,17.155,17.16,17.165,17.17,16,44,35,38,32,21,60,40,40,43
20191122,17:29:02.0,2019-11-22 17:29:02,GC1912,COMEX,1470.4,0,74580,0.0,1464.3,1470.8,1463.6,1463.6,1463.6,1.7976931348623157e+308,1.7976931348623157e+308,0.0,1470.4,1470.3,1470.2,1470.1,1470.0,1470.5,1470.6,1470.7,1470.8,1470.9,10,31,37,33,43,29,32,39,58,29
20191122,17:29:02.0,2019-11-22 17:29:02,CL2001,NYMEX,58.4,0,66224,0.0,58.31,58.51,58.09,58.58,58.58,1.7976931348623157e+308,1.7976931348623157e+308,0.0,58.39,58.38,58.37,58.36,58.35,58.4,58.41,58.42,58.43,58.44,21,34,33,30,28,6,26,33,35,35
20191122,17:29:03.0,2019-11-22 17:29:03,CL2001,NYMEX,58.4,0,66224,0.0,58.31,58.51,58.09,58.58,58.58,1.7976931348623157e+308,1.7976931348623157e+308,0.0,58.39,58.38,58.37,58.36,58.35,58.4,58.41,58.42,58.43,58.44,21,34,33,30,28,18,26,34,35,35
20191122,17:29:03.0,2019-11-22 17:29:03,GC1912,COMEX,1470.4,0,74580,0.0,1464.3,1470.8,1463.6,1463.6,1463.6,1.7976931348623157e+308,1.7976931348623157e+308,0.0,1470.4,1470.3,1470.2,1470.1,1470.0,1470.5,1470.6,1470.7,1470.8,1470.9,9,32,38,33,44,26,37,38,58,32
20191122,17:29:03.0,2019-11-22 17:29:03,SI1912,COMEX,17.145,0,16053,0.0,17.075,17.18,17.03,17.065,17.065,1.7976931348623157e+308,1.7976931348623157e+308,0.0,17.145,17.14,17.135,17.13,17.125,17.15,17.155,17.16,17.165,17.17,13,44,35,38,32,23,60,40,40,43
20191122,17:29:04.0,2019-11-22 17:29:04,GC1912,COMEX,1470.5,0,74580,0.0,1464.3,1470.8,1463.6,1463.6,1463.6,1.7976931348623157e+308,1.7976931348623157e+308,0.0,1470.4,1470.3,1470.2,1470.1,1470.0,1470.5,1470.6,1470.7,1470.8,1470.9,9,32,38,33,44,26,37,38,58,32
20191122,17:29:04.0,2019-11-22 17:29:04,SI1912,COMEX,17.145,0,16053,0.0,17.075,17.18,17.03,17.065,17.065,1.7976931348623157e+308,1.7976931348623157e+308,0.0,17.145,17.14,17.135,17.13,17.125,17.15,17.155,17.16,17.165,17.17,15,44,34,38,32,23,60,40,40,43
20191122,17:29:04.0,2019-11-22 17:29:04,GC1912,COMEX,1470.5,0,74581,0.0,1464.3,1470.8,1463.6,1463.6,1463.6,1.7976931348623157e+308,1.7976931348623157e+308,0.0,1470.4,1470.3,1470.2,1470.1,1470.0,1470.5,1470.6,1470.7,1470.8,1470.9,9,33,37,33,44,25,37,38,58,32
20191122,17:29:04.0,2019-11-22 17:29:04,CL2001,NYMEX,58.4,0,66230,0.0,58.31,58.51,58.09,58.58,58.58,1.7976931348623157e+308,1.7976931348623157e+308,0.0,58.39,58.38,58.37,58.36,58.35,58.4,58.41,58.42,58.43,58.44,26,35,34,30,28,4,26,33,35,35
20191122,17:29:05.0,2019-11-22 17:29:05,CL2001,NYMEX,58.4,0,66230,0.0,58.31,58.51,58.09,58.58,58.58,1.7976931348623157e+308,1.7976931348623157e+308,0.0,58.39,58.38,58.37,58.36,58.35,58.4,58.41,58.42,58.43,58.44,26,35,33,30,28,14,25,34,35,35
20191122,17:29:05.0,2019-11-22 17:29:05,GC1912,COMEX,1470.5,0,74583,0.0,1464.3,1470.8,1463.6,1463.6,1463.6,1.7976931348623157e+308,1.7976931348623157e+308,0.0,1470.4,1470.3,1470.2,1470.1,1470.0,1470.5,1470.6,1470.7,1470.8,1470.9,16,33,37,33,44,25,37,38,58,32
20191122,17:29:05.0,2019-11-22 17:29:05,SI1912,COMEX,17.145,0,16053,0.0,17.075,17.18,17.03,17.065,17.065,1.7976931348623157e+308,1.7976931348623157e+308,0.0,17.145,17.14,17.135,17.13,17.125,17.15,17.155,17.16,17.165,17.17,16,44,35,38,32,21,60,40,40,43
20191122,17:29:05.0,2019-11-22 17:29:05,CL2001,NYMEX,58.4,0,66232,0.0,58.31,58.51,58.09,58.58,58.58,1.7976931348623157e+308,1.7976931348623157e+308,0.0,58.4,58.39,58.38,58.37,58.36,58.41,58.42,58.43,58.44,58.45,21,31,34,34,30,17,31,35,35,41
20191122,17:29:05.0,2019-11-22 17:29:05,GC1912,COMEX,1470.5,0,74606,0.0,1464.3,1470.8,1463.6,1463.6,1463.6,1.7976931348623157e+308,1.7976931348623157e+308,0.0,1470.4,1470.3,1470.2,1470.1,1470.0,1470.5,1470.6,1470.7,1470.8,1470.9,22,33,38,33,44,5,33,36,58,31
20191122,17:29:05.0,2019-11-22 17:29:05,UC1912,SGX,7.0475,0,11247,0.0,7.0349,7.0485,7.0301,7.0418,7.0418,1.7976931348623157e+308,1.7976931348623157e+308,0.0,7.0476,7.0475,7.0474,7.0473,7.0472,7.0479,7.048,7.0481,7.0482,7.0483,5,9,28,8,25,6,5,13,14,35
20191122,17:29:05.0,2019-11-22 17:29:05,GC1912,COMEX,1470.5,0,74609,0.0,1464.3,1470.8,1463.6,1463.6,1463.6,1.7976931348623157e+308,1.7976931348623157e+308,0.0,1470.4,1470.3,1470.2,1470.1,1470.0,1470.6,1470.7,1470.8,1470.9,1471.0,27,33,38,33,44,28,36,57,31,57
20191122,17:29:06.0,2019-11-22 17:29:06,SI1912,COMEX,17.145,0,16053,0.0,17.075,17.18,17.03,17.065,17.065,1.7976931348623157e+308,1.7976931348623157e+308,0.0,17.145,17.14,17.135,17.13,17.125,17.15,17.155,17.16,17.165,17.17,17,44,35,38,32,21,60,40,40,43
20191122,17:29:06.0,2019-11-22 17:29:06,UC1912,SGX,7.0475,0,11247,0.0,7.0349,7.0485,7.0301,7.0418,7.0418,1.7976931348623157e+308,1.7976931348623157e+308,0.0,7.0476,7.0475,7.0474,7.0473,7.0472,7.0479,7.048,7.0481,7.0482,7.0483,5,9,28,8,30,6,5,13,14,35
20191122,17:29:06.0,2019-11-22 17:29:06,CL2001,NYMEX,58.4,0,66232,0.0,58.31,58.51,58.09,58.58,58.58,1.7976931348623157e+308,1.7976931348623157e+308,0.0,58.4,58.39,58.38,58.37,58.36,58.41,58.42,58.43,58.44,58.45,22,31,34,34,30,18,31,35,35,41
20191122,17:29:06.0,2019-11-22 17:29:06,GC1912,COMEX,1470.5,0,74609,0.0,1464.3,1470.8,1463.6,1463.6,1463.6,1.7976931348623157e+308,1.7976931348623157e+308,0.0,1470.4,1470.3,1470.2,1470.1,1470.0,1470.5,1470.6,1470.7,1470.8,1470.9,15,33,38,33,44,18,41,36,57,31
20191122,17:29:07.0,2019-11-22 17:29:07,CL2001,NYMEX,58.4,0,66233,0.0,58.31,58.51,58.09,58.58,58.58,1.7976931348623157e+308,1.7976931348623157e+308,0.0,58.4,58.39,58.38,58.37,58.36,58.41,58.42,58.43,58.44,58.45,12,31,34,34,30,23,31,35,35,41
20191122,17:29:08.0,2019-11-22 17:29:08,CL2001,NYMEX,58.41,0,66234,0.0,58.31,58.51,58.09,58.58,58.58,1.7976931348623157e+308,1.7976931348623157e+308,0.0,58.4,58.38,58.37,58.36,58.35,58.41,58.42,58.43,58.44,58.45,16,34,33,30,28,22,31,36,35,41
20191122,17:29:08.0,2019-11-22 17:29:08,GC1912,COMEX,1470.5,0,74609,0.0,1464.3,1470.8,1463.6,1463.6,1463.6,1.7976931348623157e+308,1.7976931348623157e+308,0.0,1470.4,1470.3,1470.2,1470.1,1470.0,1470.5,1470.6,1470.7,1470.8,1470.9,16,34,39,33,43,18,41,37,57,31
20191122,17:29:09.0,2019-11-22 17:29:09,CL2001,NYMEX,58.41,0,66234,0.0,58.31,58.51,58.09,58.58,58.58,1.7976931348623157e+308,1.7976931348623157e+308,0.0,58.4,58.39,58.38,58.37,58.36,58.41,58.42,58.43,58.44,58.45,25,31,34,33,30,14,31,36,35,43
20191122,17:29:09.0,2019-11-22 17:29:09,SI1912,COMEX,17.145,0,16053,0.0,17.075,17.18,17.03,17.065,17.065,1.7976931348623157e+308,1.7976931348623157e+308,0.0,17.145,17.14,17.135,17.13,17.125,17.15,17.155,17.16,17.165,17.17,15,44,34,38,32,22,60,40,40,43
20191122,17:29:09.0,2019-11-22 17:29:09,GC1912,COMEX,1470.5,0,74609,0.0,1464.3,1470.8,1463.6,1463.6,1463.6,1.7976931348623157e+308,1.7976931348623157e+308,0.0,1470.4,1470.3,1470.2,1470.1,1470.0,1470.5,1470.6,1470.7,1470.8,1470.9,16,34,39,33,43,17,41,37,57,31
20191122,17:29:09.0,2019-11-22 17:29:09,GC1912,COMEX,1470.5,0,74614,0.0,1464.3,1470.8,1463.6,1463.6,1463.6,1.7976931348623157e+308,1.7976931348623157e+308,0.0,1470.4,1470.3,1470.2,1470.1,1470.0,1470.5,1470.6,1470.7,1470.8,1470.9,22,34,39,33,43,8,38,34,57,31
20191122,17:29:10.0,2019-11-22 17:29:10,CL2001,NYMEX,58.4,0,66235,0.0,58.31,58.51,58.09,58.58,58.58,1.7976931348623157e+308,1.7976931348623157e+308,0.0,58.4,58.39,58.38,58.37,58.36,58.41,58.42,58.43,58.44,58.45,27,30,34,33,30,18,31,36,35,43
20191122,17:29:10.0,2019-11-22 17:29:10,SI1912,COMEX,17.145,0,16053,0.0,17.075,17.18,17.03,17.065,17.065,1.7976931348623157e+308,1.7976931348623157e+308,0.0,17.145,17.14,17.135,17.13,17.125,17.15,17.155,17.16,17.165,17.17,20,44,35,38,32,21,60,40,40,43
20191122,17:29:10.0,2019-11-22 17:29:10,GC1912,COMEX,1470.5,0,74618,0.0,1464.3,1470.8,1463.6,1463.6,1463.6,1.7976931348623157e+308,1.7976931348623157e+308,0.0,1470.5,1470.4,1470.3,1470.2,1470.1,1470.6,1470.7,1470.8,1470.9,1471.0,21,32,37,39,33,11,36,56,32,59
20191122,17:29:10.0,2019-11-22 17:29:10,SI1912,COMEX,17.15,0,16057,0.0,17.075,17.18,17.03,17.065,17.065,1.7976931348623157e+308,1.7976931348623157e+308,0.0,17.145,17.14,17.135,17.13,17.125,17.15,17.155,17.16,17.165,17.17,36,42,37,38,32,3,59,39,40,43
20191122,17:29:11.0,2019-11-22 17:29:11,UC1912,SGX,7.0475,0,11247,0.0,7.0349,7.0485,7.0301,7.0418,7.0418,1.7976931348623157e+308,1.7976931348623157e+308,0.0,7.0476,7.0475,7.0474,7.0473,7.0472,7.0479,7.048,7.0481,7.0482,7.0483,5,9,28,8,25,6,5,13,14,35
20191122,17:29:11.0,2019-11-22 17:29:11,GC1912,COMEX,1470.6,0,74627,0.0,1464.3,1470.8,1463.6,1463.6,1463.6,1.7976931348623157e+308,1.7976931348623157e+308,0.0,1470.6,1470.5,1470.4,1470.3,1470.2,1470.7,1470.8,1470.9,1471.0,1471.1,12,32,35,37,39,26,55,26,59,43
20191122,17:29:11.0,2019-11-22 17:29:11,SI1912,COMEX,17.15,0,16061,0.0,17.075,17.18,17.03,17.065,17.065,1.7976931348623157e+308,1.7976931348623157e+308,0.0,17.15,17.145,17.14,17.135,17.13,17.155,17.16,17.165,17.17,17.175,19,39,41,37,38,40,38,40,43,44
20191122,17:29:11.0,2019-11-22 17:29:11,GC1912,COMEX,1470.4,0,74706,0.0,1464.3,1470.8,1463.6,1463.6,1463.6,1.7976931348623157e+308,1.7976931348623157e+308,0.0,1470.4,1470.3,1470.2,1470.1,1470.0,1470.5,1470.6,1470.7,1470.8,1470.9,17,35,37,33,40,9,33,42,56,25
20191122,17:29:11.0,2019-11-22 17:29:11,CL2001,NYMEX,58.4,0,66235,0.0,58.31,58.51,58.09,58.58,58.58,1.7976931348623157e+308,1.7976931348623157e+308,0.0,58.4,58.39,58.38,58.37,58.36,58.41,58.42,58.43,58.44,58.45,30,27,34,33,30,11,31,36,35,43
20191122,17:29:11.0,2019-11-22 17:29:11,GC1912,COMEX,1470.4,0,74708,0.0,1464.3,1470.8,1463.6,1463.6,1463.6,1.7976931348623157e+308,1.7976931348623157e+308,0.0,1470.4,1470.3,1470.2,1470.1,1470.0,1470.5,1470.6,1470.7,1470.8,1470.9,17,35,37,33,42,9,33,42,58,25
20191122,17:29:12.0,2019-11-22 17:29:12,GC1912,COMEX,1470.4,0,74708,0.0,1464.3,1470.8,1463.6,1463.6,1463.6,1.7976931348623157e+308,1.7976931348623157e+308,0.0,1470.4,1470.3,1470.2,1470.1,1470.0,1470.5,1470.6,1470.7,1470.8,1470.9,18,35,37,33,42,9,34,42,58,26
20191122,17:29:12.0,2019-11-22 17:29:12,CL2001,NYMEX,58.4,0,66235,0.0,58.31,58.51,58.09,58.58,58.58,1.7976931348623157e+308,1.7976931348623157e+308,0.0,58.4,58.39,58.38,58.37,58.36,58.41,58.42,58.43,58.44,58.45,30,26,37,33,30,6,29,34,35,38
20191122,17:29:12.0,2019-11-22 17:29:12,GC1912,COMEX,1470.4,0,74711,0.0,1464.3,1470.8,1463.6,1463.6,1463.6,1.7976931348623157e+308,1.7976931348623157e+308,0.0,1470.4,1470.3,1470.2,1470.1,1470.0,1470.5,1470.6,1470.7,1470.8,1470.9,16,35,37,33,43,14,37,42,58,26
20191122,17:29:12.0,2019-11-22 17:29:12,UC1912,SGX,7.0475,0,11247,0.0,7.0349,7.0485,7.0301,7.0418,7.0418,1.7976931348623157e+308,1.7976931348623157e+308,0.0,7.0476,7.0475,7.0474,7.0473,7.0472,7.0479,7.048,7.0481,7.0482,7.0483,5,9,28,8,30,6,5,13,14,35
20191122,17:29:12.0,2019-11-22 17:29:12,CL2001,NYMEX,58.41,0,66241,0.0,58.31,58.51,58.09,58.58,58.58,1.7976931348623157e+308,1.7976931348623157e+308,0.0,58.41,58.4,58.39,58.38,58.37,58.42,58.43,58.44,58.45,58.46,9,33,25,38,33,28,34,34,38,38
20191122,17:29:13.0,2019-11-22 17:29:13,GC1912,COMEX,1470.5,0,74712,0.0,1464.3,1470.8,1463.6,1463.6,1463.6,1.7976931348623157e+308,1.7976931348623157e+308,0.0,1470.4,1470.3,1470.2,1470.1,1470.0,1470.6,1470.7,1470.8,1470.9,1471.0,24,35,38,33,43,33,40,58,26,59
20191122,17:29:13.0,2019-11-22 17:29:13,CL2001,NYMEX,58.41,0,66241,0.0,58.31,58.51,58.09,58.58,58.58,1.7976931348623157e+308,1.7976931348623157e+308,0.0,58.41,58.4,58.39,58.38,58.37,58.42,58.43,58.44,58.45,58.46,9,33,25,38,33,29,34,34,38,38
20191122,17:29:13.0,2019-11-22 17:29:13,CL2001,NYMEX,58.41,0,66242,0.0,58.31,58.51,58.09,58.58,58.58,1.7976931348623157e+308,1.7976931348623157e+308,0.0,58.41,58.4,58.39,58.38,58.37,58.42,58.43,58.44,58.45,58.46,7,33,25,38,33,27,34,34,38,38
20191122,17:29:14.0,2019-11-22 17:29:14,GC1912,COMEX,1470.5,0,74712,0.0,1464.3,1470.8,1463.6,1463.6,1463.6,1.7976931348623157e+308,1.7976931348623157e+308,0.0,1470.4,1470.3,1470.2,1470.1,1470.0,1470.5,1470.6,1470.7,1470.8,1470.9,24,35,38,33,43,2,33,40,58,26
20191122,17:29:14.0,2019-11-22 17:29:14,GC1912,COMEX,1470.5,0,74717,0.0,1464.3,1470.8,1463.6,1463.6,1463.6,1.7976931348623157e+308,1.7976931348623157e+308,0.0,1470.4,1470.3,1470.2,1470.1,1470.0,1470.5,1470.6,1470.7,1470.8,1470.9,21,35,38,33,43,7,33,42,58,26
20191122,17:29:14.0,2019-11-22 17:29:14,SI1912,COMEX,17.15,0,16061,0.0,17.075,17.18,17.03,17.065,17.065,1.7976931348623157e+308,1.7976931348623157e+308,0.0,17.15,17.145,17.14,17.135,17.13,17.155,17.16,17.165,17.17,17.175,15,37,41,37,38,43,38,40,43,44
20191122,17:29:14.0,2019-11-22 17:29:14,CL2001,NYMEX,58.41,0,66242,0.0,58.31,58.51,58.09,58.58,58.58,1.7976931348623157e+308,1.7976931348623157e+308,0.0,58.41,58.4,58.39,58.38,58.37,58.42,58.43,58.44,58.45,58.46,8,32,25,38,33,27,34,34,38,38
20191122,17:29:14.0,2019-11-22 17:29:14,UC1912,SGX,7.0475,0,11247,0.0,7.0349,7.0485,7.0301,7.0418,7.0418,1.7976931348623157e+308,1.7976931348623157e+308,0.0,7.0475,7.0474,7.0473,7.0472,7.0471,7.0478,7.0479,7.048,7.0481,7.0482,14,27,8,25,18,5,6,5,13,14
20191122,17:29:15.0,2019-11-22 17:29:15,CL2001,NYMEX,58.41,0,66242,0.0,58.31,58.51,58.09,58.58,58.58,1.7976931348623157e+308,1.7976931348623157e+308,0.0,58.41,58.4,58.39,58.38,58.37,58.42,58.43,58.44,58.45,58.46,8,33,25,38,33,27,34,34,38,38
20191122,17:29:15.0,2019-11-22 17:29:15,UC1912,SGX,7.0475,0,11247,0.0,7.0349,7.0485,7.0301,7.0418,7.0418,1.7976931348623157e+308,1.7976931348623157e+308,0.0,7.0475,7.0474,7.0473,7.0472,7.0471,7.0478,7.0479,7.048,7.0481,7.0482,14,27,8,25,18,9,7,15,13,24
20191122,17:29:15.0,2019-11-22 17:29:15,GC1912,COMEX,1470.5,0,74717,0.0,1464.3,1470.8,1463.6,1463.6,1463.6,1.7976931348623157e+308,1.7976931348623157e+308,0.0,1470.4,1470.3,1470.2,1470.1,1470.0,1470.5,1470.6,1470.7,1470.8,1470.9,21,35,37,33,43,8,34,42,58,26
20191122,17:29:15.0,2019-11-22 17:29:15,SI1912,COMEX,17.15,0,16061,0.0,17.075,17.18,17.03,17.065,17.065,1.7976931348623157e+308,1.7976931348623157e+308,0.0,17.15,17.145,17.14,17.135,17.13,17.155,17.16,17.165,17.17,17.175,13,37,41,37,38,43,38,40,43,44
20191122,17:29:16.0,2019-11-22 17:29:16,UC1912,SGX,7.0475,0,11247,0.0,7.0349,7.0485,7.0301,7.0418,7.0418,1.7976931348623157e+308,1.7976931348623157e+308,0.0,7.0475,7.0474,7.0473,7.0472,7.0471,7.0478,7.0479,7.048,7.0481,7.0482,9,27,11,25,23,9,7,15,13,24
20191122,17:29:16.0,2019-11-22 17:29:16,GC1912,COMEX,1470.5,0,74717,0.0,1464.3,1470.8,1463.6,1463.6,1463.6,1.7976931348623157e+308,1.7976931348623157e+308,0.0,1470.4,1470.3,1470.2,1470.1,1470.0,1470.6,1470.7,1470.8,1470.9,1471.0,24,34,37,33,43,35,40,58,26,56
20191122,17:29:16.0,2019-11-22 17:29:16,CL2001,NYMEX,58.41,0,66243,0.0,58.31,58.51,58.09,58.58,58.58,1.7976931348623157e+308,1.7976931348623157e+308,0.0,58.41,58.4,58.39,58.38,58.37,58.42,58.43,58.44,58.45,58.46,8,32,25,38,33,28,34,34,38,38
20191122,17:29:16.0,2019-11-22 17:29:16,SI1912,COMEX,17.15,0,16061,0.0,17.075,17.18,17.03,17.065,17.065,1.7976931348623157e+308,1.7976931348623157e+308,0.0,17.15,17.145,17.14,17.135,17.13,17.155,17.16,17.165,17.17,17.175,13,38,41,37,38,44,38,40,43,44
20191122,17:29:17.0,2019-11-22 17:29:17,SI1912,COMEX,17.15,0,16061,0.0,17.075,17.18,17.03,17.065,17.065,1.7976931348623157e+308,1.7976931348623157e+308,0.0,17.15,17.145,17.14,17.135,17.13,17.155,17.16,17.165,17.17,17.175,15,37,41,37,38,44,38,40,43,44
20191122,17:29:17.0,2019-11-22 17:29:17,CL2001,NYMEX,58.41,0,66248,0.0,58.31,58.51,58.09,58.58,58.58,1.7976931348623157e+308,1.7976931348623157e+308,0.0,58.4,58.39,58.38,58.37,58.36,58.41,58.42,58.43,58.44,58.45,28,26,37,33,30,11,29,34,34,38
20191122,17:29:17.0,2019-11-22 17:29:17,UC1912,SGX,7.0475,0,11247,0.0,7.0349,7.0485,7.0301,7.0418,7.0418,1.7976931348623157e+308,1.7976931348623157e+308,0.0,7.0475,7.0474,7.0473,7.0472,7.0471,7.0478,7.0479,7.048,7.0481,7.0482,9,27,8,25,23,5,7,15,13,24
20191122,17:29:17.0,2019-11-22 17:29:17,CL2001,NYMEX,58.41,0,66249,0.0,58.31,58.51,58.09,58.58,58.58,1.7976931348623157e+308,1.7976931348623157e+308,0.0,58.4,58.39,58.38,58.37,58.36,58.41,58.42,58.43,58.44,58.45,27,26,37,33,30,10,29,34,34,38
20191122,17:29:17.0,2019-11-22 17:29:17,GC1912,COMEX,1470.5,0,74717,0.0,1464.3,1470.8,1463.6,1463.6,1463.6,1.7976931348623157e+308,1.7976931348623157e+308,0.0,1470.4,1470.3,1470.2,1470.1,1470.0,1470.5,1470.6,1470.7,1470.8,1470.9,24,34,37,33,43,2,35,40,58,26
20191122,17:29:17.0,2019-11-22 17:29:17,GC1912,COMEX,1470.4,0,74718,0.0,1464.3,1470.8,1463.6,1463.6,1463.6,1.7976931348623157e+308,1.7976931348623157e+308,0.0,1470.4,1470.3,1470.2,1470.1,1470.0,1470.5,1470.6,1470.7,1470.8,1470.9,20,34,37,33,43,6,38,42,58,26
20191122,17:29:18.0,2019-11-22 17:29:18,UC1912,SGX,7.0475,0,11247,0.0,7.0349,7.0485,7.0301,7.0418,7.0418,1.7976931348623157e+308,1.7976931348623157e+308,0.0,7.0475,7.0474,7.0473,7.0472,7.0471,7.0478,7.0479,7.048,7.0481,7.0482,9,27,8,25,23,9,7,15,13,24
20191122,17:29:18.0,2019-11-22 17:29:18,GC1912,COMEX,1470.4,0,74718,0.0,1464.3,1470.8,1463.6,1463.6,1463.6,1.7976931348623157e+308,1.7976931348623157e+308,0.0,1470.4,1470.3,1470.2,1470.1,1470.0,1470.5,1470.6,1470.7,1470.8,1470.9,20,34,37,33,43,8,37,42,58,26
20191122,17:29:18.0,2019-11-22 17:29:18,CL2001,NYMEX,58.41,0,66249,0.0,58.31,58.51,58.09,58.58,58.58,1.7976931348623157e+308,1.7976931348623157e+308,0.0,58.4,58.39,58.38,58.37,58.36,58.41,58.42,58.43,58.44,58.45,27,26,37,33,30,17,29,34,34,38
20191122,17:29:19.0,2019-11-22 17:29:19,CL2001,NYMEX,58.41,0,66249,0.0,58.31,58.51,58.09,58.58,58.58,1.7976931348623157e+308,1.7976931348623157e+308,0.0,58.4,58.39,58.38,58.37,58.36,58.41,58.42,58.43,58.44,58.45,27,26,37,33,30,22,29,34,34,38
20191122,17:29:19.0,2019-11-22 17:29:19,GC1912,COMEX,1470.4,0,74720,0.0,1464.3,1470.8,1463.6,1463.6,1463.6,1.7976931348623157e+308,1.7976931348623157e+308,0.0,1470.4,1470.3,1470.2,1470.1,1470.0,1470.5,1470.6,1470.7,1470.8,1470.9,21,34,37,33,44,16,37,42,58,26
20191122,17:29:19.0,2019-11-22 17:29:19,GC1912,COMEX,1470.5,0,74723,0.0,1464.3,1470.8,1463.6,1463.6,1463.6,1.7976931348623157e+308,1.7976931348623157e+308,0.0,1470.5,1470.4,1470.3,1470.2,1470.1,1470.6,1470.7,1470.8,1470.9,1471.0,12,31,34,38,33,27,40,57,27,56
20191122,17:29:19.0,2019-11-22 17:29:19,SI1912,COMEX,17.15,0,16061,0.0,17.075,17.18,17.03,17.065,17.065,1.7976931348623157e+308,1.7976931348623157e+308,0.0,17.15,17.145,17.14,17.135,17.13,17.155,17.16,17.165,17.17,17.175,23,37,41,37,38,39,38,40,43,44
20191122,17:29:19.0,2019-11-22 17:29:19,GC1912,COMEX,1470.5,0,74728,0.0,1464.3,1470.8,1463.6,1463.6,1463.6,1.7976931348623157e+308,1.7976931348623157e+308,0.0,1470.5,1470.4,1470.3,1470.2,1470.1,1470.6,1470.7,1470.8,1470.9,1471.0,10,31,37,38,33,27,40,57,27,59
20191122,17:29:20.0,2019-11-22 17:29:20,CL2001,NYMEX,58.41,0,66249,0.0,58.31,58.51,58.09,58.58,58.58,1.7976931348623157e+308,1.7976931348623157e+308,0.0,58.4,58.39,58.38,58.37,58.36,58.41,58.42,58.43,58.44,58.45,31,26,37,33,30,25,29,34,34,38
20191122,17:29:20.0,2019-11-22 17:29:20,SI1912,COMEX,17.15,0,16061,0.0,17.075,17.18,17.03,17.065,17.065,1.7976931348623157e+308,1.7976931348623157e+308,0.0,17.15,17.145,17.14,17.135,17.13,17.155,17.16,17.165,17.17,17.175,15,36,41,37,38,44,38,40,43,44
20191122,17:29:20.0,2019-11-22 17:29:20,GC1912,COMEX,1470.4,0,74748,0.0,1464.3,1470.8,1463.6,1463.6,1463.6,1.7976931348623157e+308,1.7976931348623157e+308,0.0,1470.4,1470.3,1470.2,1470.1,1470.0,1470.5,1470.6,1470.7,1470.8,1470.9,11,34,37,33,41,16,39,40,57,27
20191122,17:29:20.0,2019-11-22 17:29:20,GC1912,COMEX,1470.5,0,74749,0.0,1464.3,1470.8,1463.6,1463.6,1463.6,1.7976931348623157e+308,1.7976931348623157e+308,0.0,1470.4,1470.3,1470.2,1470.1,1470.0,1470.5,1470.6,1470.7,1470.8,1470.9,15,33,36,33,44,13,39,42,57,27
20191122,17:29:20.0,2019-11-22 17:29:20,UC1912,SGX,7.0475,0,11247,0.0,7.0349,7.0485,7.0301,7.0418,7.0418,1.7976931348623157e+308,1.7976931348623157e+308,0.0,7.0475,7.0474,7.0473,7.0472,7.0471,7.0478,7.0479,7.048,7.0481,7.0482,9,27,8,25,23,9,7,15,13,24
20191122,17:29:21.0,2019-11-22 17:29:21,CL2001,NYMEX,58.41,0,66250,0.0,58.31,58.51,58.09,58.58,58.58,1.7976931348623157e+308,1.7976931348623157e+308,0.0,58.4,58.39,58.38,58.37,58.36,58.41,58.42,58.43,58.44,58.45,31,26,37,33,30,21,29,34,34,39
20191122,17:29:21.0,2019-11-22 17:29:21,UC1912,SGX,7.0475,0,11247,0.0,7.0349,7.0485,7.0301,7.0418,7.0418,1.7976931348623157e+308,1.7976931348623157e+308,0.0,7.0475,7.0474,7.0473,7.0472,7.0471,7.0478,7.0479,7.048,7.0481,7.0482,9,27,8,25,23,9,7,15,13,24
20191122,17:29:22.0,2019-11-22 17:29:22,GC1912,COMEX,1470.5,0,74749,0.0,1464.3,1470.8,1463.6,1463.6,1463.6,1.7976931348623157e+308,1.7976931348623157e+308,0.0,1470.4,1470.3,1470.2,1470.1,1470.0,1470.5,1470.6,1470.7,1470.8,1470.9,14,33,36,33,45,15,39,42,57,27
20191122,17:29:22.0,2019-11-22 17:29:22,UC1912,SGX,7.0475,0,11247,0.0,7.0349,7.0485,7.0301,7.0418,7.0418,1.7976931348623157e+308,1.7976931348623157e+308,0.0,7.0476,7.0475,7.0474,7.0473,7.0472,7.0479,7.048,7.0481,7.0482,7.0483,4,9,28,8,25,6,5,13,14,35
20191122,17:29:22.0,2019-11-22 17:29:22,GC1912,COMEX,1470.4,0,74750,0.0,1464.3,1470.8,1463.6,1463.6,1463.6,1.7976931348623157e+308,1.7976931348623157e+308,0.0,1470.4,1470.3,1470.2,1470.1,1470.0,1470.5,1470.6,1470.7,1470.8,1470.9,9,33,36,33,45,20,39,42,57,27
20191122,17:29:23.0,2019-11-22 17:29:23,CL2001,NYMEX,58.41,0,66250,0.0,58.31,58.51,58.09,58.58,58.58,1.7976931348623157e+308,1.7976931348623157e+308,0.0,58.4,58.39,58.38,58.37,58.36,58.41,58.42,58.43,58.44,58.45,32,26,37,33,30,21,29,34,34,37
20191122,17:29:23.0,2019-11-22 17:29:23,UC1912,SGX,7.0475,0,11247,0.0,7.0349,7.0485,7.0301,7.0418,7.0418,1.7976931348623157e+308,1.7976931348623157e+308,0.0,7.0476,7.0475,7.0474,7.0473,7.0472,7.0479,7.048,7.0481,7.0482,7.0483,4,9,28,8,25,6,5,13,14,35
20191122,17:29:23.0,2019-11-22 17:29:23,GC1912,COMEX,1470.4,0,74750,0.0,1464.3,1470.8,1463.6,1463.6,1463.6,1.7976931348623157e+308,1.7976931348623157e+308,0.0,1470.4,1470.3,1470.2,1470.1,1470.0,1470.5,1470.6,1470.7,1470.8,1470.9,9,33,36,33,45,21,39,42,57,27
20191122,17:29:23.0,2019-11-22 17:29:23,SI1912,COMEX,17.15,0,16068,0.0,17.075,17.18,17.03,17.065,17.065,1.7976931348623157e+308,1.7976931348623157e+308,0.0,17.15,17.145,17.14,17.135,17.13,17.155,17.16,17.165,17.17,17.175,8,34,41,37,38,44,38,40,43,44
20191122,17:29:24.0,2019-11-22 17:29:24,CL2001,NYMEX,58.41,0,66250,0.0,58.31,58.51,58.09,58.58,58.58,1.7976931348623157e+308,1.7976931348623157e+308,0.0,58.4,58.39,58.38,58.37,58.36,58.41,58.42,58.43,58.44,58.45,32,26,37,33,30,21,29,34,34,37
20191122,17:29:24.0,2019-11-22 17:29:24,GC1912,COMEX,1470.4,0,74750,0.0,1464.3,1470.8,1463.6,1463.6,1463.6,1.7976931348623157e+308,1.7976931348623157e+308,0.0,1470.4,1470.3,1470.2,1470.1,1470.0,1470.5,1470.6,1470.7,1470.8,1470.9,16,33,37,33,45,13,39,42,57,27
20191122,17:29:24.0,2019-11-22 17:29:24,SI1912,COMEX,17.15,0,16068,0.0,17.075,17.18,17.03,17.065,17.065,1.7976931348623157e+308,1.7976931348623157e+308,0.0,17.15,17.145,17.14,17.135,17.13,17.155,17.16,17.165,17.17,17.175,13,37,41,37,38,44,38,40,43,44
20191122,17:29:24.0,2019-11-22 17:29:24,GC1912,COMEX,1470.5,0,74759,0.0,1464.3,1470.8,1463.6,1463.6,1463.6,1.7976931348623157e+308,1.7976931348623157e+308,0.0,1470.4,1470.3,1470.2,1470.1,1470.0,1470.6,1470.7,1470.8,1470.9,1471.0,27,33,37,33,45,32,39,58,27,51
20191122,17:29:25.0,2019-11-22 17:29:25,CL2001,NYMEX,58.41,0,66250,0.0,58.31,58.51,58.09,58.58,58.58,1.7976931348623157e+308,1.7976931348623157e+308,0.0,58.4,58.39,58.38,58.37,58.36,58.41,58.42,58.43,58.44,58.45,33,26,37,33,30,17,29,34,34,37
20191122,17:29:25.0,2019-11-22 17:29:25,SI1912,COMEX,17.15,0,16068,0.0,17.075,17.18,17.03,17.065,17.065,1.7976931348623157e+308,1.7976931348623157e+308,0.0,17.15,17.145,17.14,17.135,17.13,17.155,17.16,17.165,17.17,17.175,13,38,40,37,38,41,38,40,43,44
20191122,17:29:25.0,2019-11-22 17:29:25,GC1912,COMEX,1470.4,0,74787,0.0,1464.3,1470.8,1463.6,1463.6,1463.6,1.7976931348623157e+308,1.7976931348623157e+308,0.0,1470.4,1470.3,1470.2,1470.1,1470.0,1470.5,1470.6,1470.7,1470.8,1470.9,13,33,38,33,42,29,40,37,59,26
20191122,17:29:25.0,2019-11-22 17:29:25,GC1912,COMEX,1470.5,0,74794,0.0,1464.3,1470.8,1463.6,1463.6,1463.6,1.7976931348623157e+308,1.7976931348623157e+308,0.0,1470.4,1470.3,1470.2,1470.1,1470.0,1470.6,1470.7,1470.8,1470.9,1471.0,27,33,37,33,45,31,37,59,26,52
20191122,17:29:26.0,2019-11-22 17:29:26,SI1912,COMEX,17.15,0,16068,0.0,17.075,17.18,17.03,17.065,17.065,1.7976931348623157e+308,1.7976931348623157e+308,0.0,17.15,17.145,17.14,17.135,17.13,17.155,17.16,17.165,17.17,17.175,20,37,40,37,38,40,38,40,43,44
20191122,17:29:26.0,2019-11-22 17:29:26,CL2001,NYMEX,58.41,0,66250,0.0,58.31,58.51,58.09,58.58,58.58,1.7976931348623157e+308,1.7976931348623157e+308,0.0,58.4,58.39,58.38,58.37,58.36,58.41,58.42,58.43,58.44,58.45,33,26,37,33,30,17,29,34,34,37
20191122,17:29:26.0,2019-11-22 17:29:26,SI1912,COMEX,17.15,0,16070,0.0,17.075,17.18,17.03,17.065,17.065,1.7976931348623157e+308,1.7976931348623157e+308,0.0,17.15,17.145,17.14,17.135,17.13,17.155,17.16,17.165,17.17,17.175,20,37,40,37,38,40,38,40,43,44
20191122,17:29:27.0,2019-11-22 17:29:27,UC1912,SGX,7.0475,0,11247,0.0,7.0349,7.0485,7.0301,7.0418,7.0418,1.7976931348623157e+308,1.7976931348623157e+308,0.0,7.0474,7.0473,7.0472,7.0471,7.047,7.0478,7.0479,7.048,7.0481,7.0482,27,7,25,23,28,9,7,15,13,14
20191122,17:29:27.0,2019-11-22 17:29:27,GC1912,COMEX,1470.5,0,74794,0.0,1464.3,1470.8,1463.6,1463.6,1463.6,1.7976931348623157e+308,1.7976931348623157e+308,0.0,1470.5,1470.3,1470.2,1470.1,1470.0,1470.6,1470.7,1470.8,1470.9,1471.0,13,33,37,33,45,28,37,59,25,55
20191122,17:29:27.0,2019-11-22 17:29:27,SI1912,COMEX,17.15,0,16070,0.0,17.075,17.18,17.03,17.065,17.065,1.7976931348623157e+308,1.7976931348623157e+308,0.0,17.15,17.145,17.14,17.135,17.13,17.155,17.16,17.165,17.17,17.175,21,37,40,37,38,40,38,40,43,44
20191122,17:29:27.0,2019-11-22 17:29:27,GC1912,COMEX,1470.6,0,74809,0.0,1464.3,1470.8,1463.6,1463.6,1463.6,1.7976931348623157e+308,1.7976931348623157e+308,0.0,1470.6,1470.5,1470.4,1470.3,1470.2,1470.7,1470.8,1470.9,1471.0,1471.1,2,22,26,35,37,29,55,24,56,44
20191122,17:29:27.0,2019-11-22 17:29:27,GC1912,COMEX,1470.6,0,74811,0.0,1464.3,1470.8,1463.6,1463.6,1463.6,1.7976931348623157e+308,1.7976931348623157e+308,0.0,1470.5,1470.4,1470.3,1470.2,1470.1,1470.7,1470.8,1470.9,1471.0,1471.1,19,26,35,41,30,29,56,24,56,44
20191122,17:29:28.0,2019-11-22 17:29:28,SI1912,COMEX,17.15,0,16070,0.0,17.075,17.18,17.03,17.065,17.065,1.7976931348623157e+308,1.7976931348623157e+308,0.0,17.15,17.145,17.14,17.135,17.13,17.155,17.16,17.165,17.17,17.175,29,37,41,37,38,37,38,40,43,44
20191122,17:29:28.0,2019-11-22 17:29:28,UC1912,SGX,7.0475,0,11247,0.0,7.0349,7.0485,7.0301,7.0418,7.0418,1.7976931348623157e+308,1.7976931348623157e+308,0.0,7.0475,7.0474,7.0473,7.0472,7.0471,7.0478,7.0479,7.048,7.0481,7.0482,6,27,11,25,23,5,4,15,13,24
20191122,17:29:28.0,2019-11-22 17:29:28,GC1912,COMEX,1470.6,0,74813,0.0,1464.3,1470.8,1463.6,1463.6,1463.6,1.7976931348623157e+308,1.7976931348623157e+308,0.0,1470.6,1470.5,1470.4,1470.3,1470.2,1470.7,1470.8,1470.9,1471.0,1471.1,6,23,27,35,41,26,55,24,56,44
20191122,17:29:28.0,2019-11-22 17:29:28,SI1912,COMEX,17.155,0,16073,0.0,17.075,17.18,17.03,17.065,17.065,1.7976931348623157e+308,1.7976931348623157e+308,0.0,17.15,17.145,17.14,17.135,17.13,17.155,17.16,17.165,17.17,17.175,33,39,41,37,38,29,36,40,43,44
20191122,17:29:28.0,2019-11-22 17:29:28,CL2001,NYMEX,58.41,0,66250,0.0,58.31,58.51,58.09,58.58,58.58,1.7976931348623157e+308,1.7976931348623157e+308,0.0,58.4,58.39,58.38,58.37,58.36,58.41,58.42,58.43,58.44,58.45,33,26,37,33,30,18,29,34,34,37
20191122,17:29:29.0,2019-11-22 17:29:29,GC1912,COMEX,1470.6,0,74813,0.0,1464.3,1470.8,1463.6,1463.6,1463.6,1.7976931348623157e+308,1.7976931348623157e+308,0.0,1470.6,1470.5,1470.4,1470.3,1470.2,1470.7,1470.8,1470.9,1471.0,1471.1,13,23,29,35,41,17,56,24,56,43
20191122,17:29:29.0,2019-11-22 17:29:29,UC1912,SGX,7.0475,0,11247,0.0,7.0349,7.0485,7.0301,7.0418,7.0418,1.7976931348623157e+308,1.7976931348623157e+308,0.0,7.0477,7.0476,7.0475,7.0474,7.0473,7.048,7.0481,7.0482,7.0483,7.0484,5,6,27,26,8,6,3,13,15,23
20191122,17:29:30.0,2019-11-22 17:29:30,UC1912,SGX,7.0475,0,11247,0.0,7.0349,7.0485,7.0301,7.0418,7.0418,1.7976931348623157e+308,1.7976931348623157e+308,0.0,7.0477,7.0476,7.0475,7.0474,7.0473,7.048,7.0481,7.0482,7.0483,7.0484,5,6,27,26,8,6,3,13,15,23
20191122,17:29:30.0,2019-11-22 17:29:30,CL2001,NYMEX,58.41,0,66250,0.0,58.31,58.51,58.09,58.58,58.58,1.7976931348623157e+308,1.7976931348623157e+308,0.0,58.4,58.39,58.38,58.37,58.36,58.41,58.42,58.43,58.44,58.45,33,26,37,33,30,18,29,34,33,37
20191122,17:29:30.0,2019-11-22 17:29:30,GC1912,COMEX,1470.6,0,74813,0.0,1464.3,1470.8,1463.6,1463.6,1463.6,1.7976931348623157e+308,1.7976931348623157e+308,0.0,1470.6,1470.5,1470.4,1470.3,1470.2,1470.7,1470.8,1470.9,1471.0,1471.1,15,23,29,35,41,18,56,24,56,43
20191122,17:29:30.0,2019-11-22 17:29:30,GC1912,COMEX,1470.7,0,74816,0.0,1464.3,1470.8,1463.6,1463.6,1463.6,1.7976931348623157e+308,1.7976931348623157e+308,0.0,1470.6,1470.5,1470.4,1470.3,1470.2,1470.7,1470.8,1470.9,1471.0,1471.1,15,23,30,36,40,13,56,24,56,43
20191122,17:29:30.0,2019-11-22 17:29:30,GC1912,COMEX,1470.6,0,74817,0.0,1464.3,1470.8,1463.6,1463.6,1463.6,1.7976931348623157e+308,1.7976931348623157e+308,0.0,1470.6,1470.5,1470.4,1470.3,1470.2,1470.7,1470.8,1470.9,1471.0,1471.1,14,23,30,36,40,14,56,24,56,43
20191122,17:29:31.0,2019-11-22 17:29:31,GC1912,COMEX,1470.6,0,74822,0.0,1464.3,1470.8,1463.6,1463.6,1463.6,1.7976931348623157e+308,1.7976931348623157e+308,0.0,1470.6,1470.5,1470.4,1470.3,1470.2,1470.7,1470.8,1470.9,1471.0,1471.1,4,23,30,36,40,25,57,24,56,44
20191122,17:29:31.0,2019-11-22 17:29:31,SI1912,COMEX,17.155,0,16073,0.0,17.075,17.18,17.03,17.065,17.065,1.7976931348623157e+308,1.7976931348623157e+308,0.0,17.15,17.145,17.14,17.135,17.13,17.155,17.16,17.165,17.17,17.175,31,39,41,37,38,29,36,40,43,44
20191122,17:29:31.0,2019-11-22 17:29:31,UC1912,SGX,7.0475,0,11247,0.0,7.0349,7.0485,7.0301,7.0418,7.0418,1.7976931348623157e+308,1.7976931348623157e+308,0.0,7.0476,7.0475,7.0474,7.0473,7.0472,7.0479,7.048,7.0481,7.0482,7.0483,9,26,26,8,15,7,7,3,13,15
20191122,17:29:31.0,2019-11-22 17:29:31,CL2001,NYMEX,58.41,0,66251,0.0,58.31,58.51,58.09,58.58,58.58,1.7976931348623157e+308,1.7976931348623157e+308,0.0,58.4,58.39,58.38,58.37,58.36,58.41,58.42,58.43,58.44,58.45,33,26,38,33,30,17,29,34,33,37
20191122,17:29:32.0,2019-11-22 17:29:32,GC1912,COMEX,1470.6,0,74825,0.0,1464.3,1470.8,1463.6,1463.6,1463.6,1.7976931348623157e+308,1.7976931348623157e+308,0.0,1470.5,1470.4,1470.3,1470.2,1470.1,1470.6,1470.7,1470.8,1470.9,1471.0,7,26,35,41,30,19,36,58,24,56
20191122,17:29:32.0,2019-11-22 17:29:32,CL2001,NYMEX,58.41,0,66272,0.0,58.31,58.51,58.09,58.58,58.58,1.7976931348623157e+308,1.7976931348623157e+308,0.0,58.4,58.39,58.38,58.37,58.36,58.41,58.42,58.43,58.44,58.45,32,26,38,33,30,23,29,33,32,37
20191122,17:29:32.0,2019-11-22 17:29:32,SI1912,COMEX,17.155,0,16073,0.0,17.075,17.18,17.03,17.065,17.065,1.7976931348623157e+308,1.7976931348623157e+308,0.0,17.15,17.145,17.14,17.135,17.13,17.155,17.16,17.165,17.17,17.175,25,38,41,37,38,39,38,40,43,44
20191122,17:29:32.0,2019-11-22 17:29:32,UC1912,SGX,7.0475,0,11247,0.0,7.0349,7.0485,7.0301,7.0418,7.0418,1.7976931348623157e+308,1.7976931348623157e+308,0.0,7.0476,7.0475,7.0474,7.0473,7.0472,7.0478,7.0479,7.048,7.0481,7.0482,5,4,25,8,15,3,10,15,13,23
20191122,17:29:32.0,2019-11-22 17:29:32,CL2001,NYMEX,58.41,0,66273,0.0,58.31,58.51,58.09,58.58,58.58,1.7976931348623157e+308,1.7976931348623157e+308,0.0,58.4,58.39,58.38,58.37,58.36,58.41,58.42,58.43,58.44,58.45,32,26,37,33,31,22,29,33,32,37
20191122,17:29:33.0,2019-11-22 17:29:33,CL2001,NYMEX,58.41,0,66273,0.0,58.31,58.51,58.09,58.58,58.58,1.7976931348623157e+308,1.7976931348623157e+308,0.0,58.4,58.39,58.38,58.37,58.36,58.41,58.42,58.43,58.44,58.45,32,26,37,33,31,23,29,33,32,37
20191122,17:29:33.0,2019-11-22 17:29:33,GC1912,COMEX,1470.6,0,74825,0.0,1464.3,1470.8,1463.6,1463.6,1463.6,1.7976931348623157e+308,1.7976931348623157e+308,0.0,1470.5,1470.4,1470.3,1470.2,1470.1,1470.6,1470.7,1470.8,1470.9,1471.0,3,26,35,41,33,31,36,59,24,56
20191122,17:29:33.0,2019-11-22 17:29:33,UC1912,SGX,7.0475,0,11247,0.0,7.0349,7.0485,7.0301,7.0418,7.0418,1.7976931348623157e+308,1.7976931348623157e+308,0.0,7.0476,7.0475,7.0474,7.0473,7.0472,7.0479,7.048,7.0481,7.0482,7.0483,5,8,29,8,15,9,15,14,23,35
20191122,17:29:33.0,2019-11-22 17:29:33,SI1912,COMEX,17.155,0,16073,0.0,17.075,17.18,17.03,17.065,17.065,1.7976931348623157e+308,1.7976931348623157e+308,0.0,17.15,17.145,17.14,17.135,17.13,17.155,17.16,17.165,17.17,17.175,19,38,41,37,38,39,38,40,43,44
20191122,17:29:33.0,2019-11-22 17:29:33,GC1912,COMEX,1470.5,0,74834,0.0,1464.3,1470.8,1463.6,1463.6,1463.6,1.7976931348623157e+308,1.7976931348623157e+308,0.0,1470.5,1470.4,1470.3,1470.2,1470.1,1470.6,1470.7,1470.8,1470.9,1471.0,7,25,33,39,33,30,38,59,24,52
20191122,17:29:33.0,2019-11-22 17:29:33,GC1912,COMEX,1470.5,0,74839,0.0,1464.3,1470.8,1463.6,1463.6,1463.6,1.7976931348623157e+308,1.7976931348623157e+308,0.0,1470.4,1470.3,1470.2,1470.1,1470.0,1470.6,1470.7,1470.8,1470.9,1471.0,20,33,38,33,38,33,37,59,24,55
20191122,17:29:34.0,2019-11-22 17:29:34,UC1912,SGX,7.0475,0,11247,0.0,7.0349,7.0485,7.0301,7.0418,7.0418,1.7976931348623157e+308,1.7976931348623157e+308,0.0,7.0475,7.0474,7.0473,7.0472,7.0471,7.0478,7.0479,7.048,7.0481,7.0482,7,28,7,15,18,4,10,15,14,23
20191122,17:29:34.0,2019-11-22 17:29:34,GC1912,COMEX,1470.5,0,74839,0.0,1464.3,1470.8,1463.6,1463.6,1463.6,1.7976931348623157e+308,1.7976931348623157e+308,0.0,1470.4,1470.3,1470.2,1470.1,1470.0,1470.5,1470.6,1470.7,1470.8,1470.9,12,33,39,33,41,13,36,39,59,24
20191122,17:29:34.0,2019-11-22 17:29:34,CL2001,NYMEX,58.41,0,66281,0.0,58.31,58.51,58.09,58.58,58.58,1.7976931348623157e+308,1.7976931348623157e+308,0.0,58.4,58.39,58.38,58.37,58.36,58.41,58.42,58.43,58.44,58.45,32,26,38,33,31,12,29,33,32,37
20191122,17:29:35.0,2019-11-22 17:29:35,GC1912,COMEX,1470.5,0,74839,0.0,1464.3,1470.8,1463.6,1463.6,1463.6,1.7976931348623157e+308,1.7976931348623157e+308,0.0,1470.4,1470.3,1470.2,1470.1,1470.0,1470.5,1470.6,1470.7,1470.8,1470.9,19,33,39,33,41,2,39,40,59,25
20191122,17:29:35.0,2019-11-22 17:29:35,CL2001,NYMEX,58.41,0,66281,0.0,58.31,58.51,58.09,58.58,58.58,1.7976931348623157e+308,1.7976931348623157e+308,0.0,58.4,58.39,58.38,58.37,58.36,58.41,58.42,58.43,58.44,58.45,32,26,38,33,31,12,29,33,32,37
20191122,17:29:35.0,2019-11-22 17:29:35,UC1912,SGX,7.0475,0,11247,0.0,7.0349,7.0485,7.0301,7.0418,7.0418,1.7976931348623157e+308,1.7976931348623157e+308,0.0,7.0476,7.0475,7.0474,7.0473,7.0472,7.0479,7.048,7.0481,7.0482,7.0483,5,6,25,8,15,9,5,14,13,25
20191122,17:29:36.0,2019-11-22 17:29:36,UC1912,SGX,7.0475,0,11247,0.0,7.0349,7.0485,7.0301,7.0418,7.0418,1.7976931348623157e+308,1.7976931348623157e+308,0.0,7.0475,7.0474,7.0473,7.0472,7.0471,7.0478,7.0479,7.048,7.0481,7.0482,6,4,17,25,18,5,10,15,14,13
20191122,17:29:36.0,2019-11-22 17:29:36,GC1912,COMEX,1470.5,0,74839,0.0,1464.3,1470.8,1463.6,1463.6,1463.6,1.7976931348623157e+308,1.7976931348623157e+308,0.0,1470.4,1470.3,1470.2,1470.1,1470.0,1470.5,1470.6,1470.7,1470.8,1470.9,14,33,39,33,42,13,39,40,59,25
20191122,17:29:36.0,2019-11-22 17:29:36,SI1912,COMEX,17.155,0,16073,0.0,17.075,17.18,17.03,17.065,17.065,1.7976931348623157e+308,1.7976931348623157e+308,0.0,17.15,17.145,17.14,17.135,17.13,17.155,17.16,17.165,17.17,17.175,17,38,40,37,38,39,39,40,43,44
20191122,17:29:36.0,2019-11-22 17:29:36,CL2001,NYMEX,58.41,0,66281,0.0,58.31,58.51,58.09,58.58,58.58,1.7976931348623157e+308,1.7976931348623157e+308,0.0,58.4,58.39,58.38,58.37,58.36,58.41,58.42,58.43,58.44,58.45,32,26,38,33,31,13,29,33,32,37
20191122,17:29:36.0,2019-11-22 17:29:36,GC1912,COMEX,1470.5,0,74844,0.0,1464.3,1470.8,1463.6,1463.6,1463.6,1.7976931348623157e+308,1.7976931348623157e+308,0.0,1470.4,1470.3,1470.2,1470.1,1470.0,1470.5,1470.6,1470.7,1470.8,1470.9,21,33,39,33,42,4,37,40,59,25
20191122,17:29:37.0,2019-11-22 17:29:37,GC1912,COMEX,1470.5,0,74844,0.0,1464.3,1470.8,1463.6,1463.6,1463.6,1.7976931348623157e+308,1.7976931348623157e+308,0.0,1470.4,1470.3,1470.2,1470.1,1470.0,1470.5,1470.6,1470.7,1470.8,1470.9,17,33,39,33,42,11,37,40,59,25
20191122,17:29:37.0,2019-11-22 17:29:37,SI1912,COMEX,17.155,0,16073,0.0,17.075,17.18,17.03,17.065,17.065,1.7976931348623157e+308,1.7976931348623157e+308,0.0,17.15,17.145,17.14,17.135,17.13,17.155,17.16,17.165,17.17,17.175,16,38,40,37,38,39,39,40,43,44
20191122,17:29:37.0,2019-11-22 17:29:37,UC1912,SGX,7.0475,0,11247,0.0,7.0349,7.0485,7.0301,7.0418,7.0418,1.7976931348623157e+308,1.7976931348623157e+308,0.0,7.0475,7.0474,7.0473,7.0472,7.0471,7.0478,7.0479,7.048,7.0481,7.0482,7,4,18,25,18,5,10,15,14,13
20191122,17:29:38.0,2019-11-22 17:29:38,SI1912,COMEX,17.155,0,16073,0.0,17.075,17.18,17.03,17.065,17.065,1.7976931348623157e+308,1.7976931348623157e+308,0.0,17.15,17.145,17.14,17.135,17.13,17.155,17.16,17.165,17.17,17.175,16,38,40,37,38,39,39,40,43,44
20191122,17:29:38.0,2019-11-22 17:29:38,CL2001,NYMEX,58.41,0,66281,0.0,58.31,58.51,58.09,58.58,58.58,1.7976931348623157e+308,1.7976931348623157e+308,0.0,58.4,58.39,58.38,58.37,58.36,58.41,58.42,58.43,58.44,58.45,32,26,38,33,31,13,29,33,32,37
20191122,17:29:38.0,2019-11-22 17:29:38,GC1912,COMEX,1470.5,0,74844,0.0,1464.3,1470.8,1463.6,1463.6,1463.6,1.7976931348623157e+308,1.7976931348623157e+308,0.0,1470.4,1470.3,1470.2,1470.1,1470.0,1470.5,1470.6,1470.7,1470.8,1470.9,6,33,39,33,42,21,38,39,59,25
20191122,17:29:38.0,2019-11-22 17:29:38,UC1912,SGX,7.0475,0,11247,0.0,7.0349,7.0485,7.0301,7.0418,7.0418,1.7976931348623157e+308,1.7976931348623157e+308,0.0,7.0475,7.0474,7.0473,7.0472,7.0471,7.0478,7.0479,7.048,7.0481,7.0482,7,4,18,25,18,5,10,15,14,13
20191122,17:29:39.0,2019-11-22 17:29:39,GC1912,COMEX,1470.5,0,74844,0.0,1464.3,1470.8,1463.6,1463.6,1463.6,1.7976931348623157e+308,1.7976931348623157e+308,0.0,1470.4,1470.3,1470.2,1470.1,1470.0,1470.5,1470.6,1470.7,1470.8,1470.9,16,33,39,33,42,15,38,39,59,25
20191122,17:29:39.0,2019-11-22 17:29:39,UC1912,SGX,7.0475,0,11247,0.0,7.0349,7.0485,7.0301,7.0418,7.0418,1.7976931348623157e+308,1.7976931348623157e+308,0.0,7.0475,7.0474,7.0473,7.0472,7.0471,7.0478,7.0479,7.048,7.0481,7.0482,5,4,18,25,18,5,10,15,14,13
20191122,17:29:39.0,2019-11-22 17:29:39,SI1912,COMEX,17.155,0,16073,0.0,17.075,17.18,17.03,17.065,17.065,1.7976931348623157e+308,1.7976931348623157e+308,0.0,17.15,17.145,17.14,17.135,17.13,17.155,17.16,17.165,17.17,17.175,28,38,40,37,38,30,36,40,43,44
20191122,17:29:41.0,2019-11-22 17:29:41,GC1912,COMEX,1470.5,0,74844,0.0,1464.3,1470.8,1463.6,1463.6,1463.6,1.7976931348623157e+308,1.7976931348623157e+308,0.0,1470.4,1470.3,1470.2,1470.1,1470.0,1470.5,1470.6,1470.7,1470.8,1470.9,14,33,39,33,42,14,38,39,59,25
20191122,17:29:41.0,2019-11-22 17:29:41,SI1912,COMEX,17.155,0,16073,0.0,17.075,17.18,17.03,17.065,17.065,1.7976931348623157e+308,1.7976931348623157e+308,0.0,17.15,17.145,17.14,17.135,17.13,17.155,17.16,17.165,17.17,17.175,32,39,40,37,38,29,36,40,43,44
20191122,17:29:41.0,2019-11-22 17:29:41,CL2001,NYMEX,58.41,0,66281,0.0,58.31,58.51,58.09,58.58,58.58,1.7976931348623157e+308,1.7976931348623157e+308,0.0,58.4,58.39,58.38,58.37,58.36,58.41,58.42,58.43,58.44,58.45,32,26,37,33,31,12,29,33,32,37
20191122,17:29:41.0,2019-11-22 17:29:41,UC1912,SGX,7.0475,0,11247,0.0,7.0349,7.0485,7.0301,7.0418,7.0418,1.7976931348623157e+308,1.7976931348623157e+308,0.0,7.0476,7.0475,7.0474,7.0473,7.0472,7.0479,7.048,7.0481,7.0482,7.0483,11,7,15,18,25,5,3,14,23,25
20191122,17:29:42.0,2019-11-22 17:29:42,UC1912,SGX,7.0475,0,11247,0.0,7.0349,7.0485,7.0301,7.0418,7.0418,1.7976931348623157e+308,1.7976931348623157e+308,0.0,7.0476,7.0475,7.0474,7.0473,7.0472,7.0479,7.048,7.0481,7.0482,7.0483,11,7,25,18,25,5,3,14,23,25
20191122,17:29:42.0,2019-11-22 17:29:42,GC1912,COMEX,1470.5,0,74844,0.0,1464.3,1470.8,1463.6,1463.6,1463.6,1.7976931348623157e+308,1.7976931348623157e+308,0.0,1470.4,1470.3,1470.2,1470.1,1470.0,1470.5,1470.6,1470.7,1470.8,1470.9,9,33,39,33,41,20,38,39,59,25
20191122,17:29:43.0,2019-11-22 17:29:43,UC1912,SGX,7.0475,0,11247,0.0,7.0349,7.0485,7.0301,7.0418,7.0418,1.7976931348623157e+308,1.7976931348623157e+308,0.0,7.0476,7.0475,7.0474,7.0473,7.0472,7.0479,7.048,7.0481,7.0482,7.0483,11,7,25,18,25,5,3,14,13,25
20191122,17:29:43.0,2019-11-22 17:29:43,GC1912,COMEX,1470.5,0,74844,0.0,1464.3,1470.8,1463.6,1463.6,1463.6,1.7976931348623157e+308,1.7976931348623157e+308,0.0,1470.4,1470.3,1470.2,1470.1,1470.0,1470.5,1470.6,1470.7,1470.8,1470.9,10,33,39,33,41,21,38,39,59,25
20191122,17:29:44.0,2019-11-22 17:29:44,GC1912,COMEX,1470.5,0,74844,0.0,1464.3,1470.8,1463.6,1463.6,1463.6,1.7976931348623157e+308,1.7976931348623157e+308,0.0,1470.4,1470.3,1470.2,1470.1,1470.0,1470.5,1470.6,1470.7,1470.8,1470.9,10,33,39,33,41,20,38,39,59,25
20191122,17:29:44.0,2019-11-22 17:29:44,UC1912,SGX,7.0475,0,11247,0.0,7.0349,7.0485,7.0301,7.0418,7.0418,1.7976931348623157e+308,1.7976931348623157e+308,0.0,7.0476,7.0475,7.0474,7.0473,7.0472,7.0479,7.048,7.0481,7.0482,7.0483,4,7,24,18,30,10,3,14,13,25
20191122,17:29:44.0,2019-11-22 17:29:44,SI1912,COMEX,17.155,0,16073,0.0,17.075,17.18,17.03,17.065,17.065,1.7976931348623157e+308,1.7976931348623157e+308,0.0,17.15,17.145,17.14,17.135,17.13,17.155,17.16,17.165,17.17,17.175,28,38,40,37,38,34,36,40,43,44
20191122,17:29:44.0,2019-11-22 17:29:44,GC1912,COMEX,1470.4,0,74855,0.0,1464.3,1470.8,1463.6,1463.6,1463.6,1.7976931348623157e+308,1.7976931348623157e+308,0.0,1470.3,1470.2,1470.1,1470.0,1469.9,1470.4,1470.5,1470.6,1470.7,1470.8,26,35,33,41,37,2,33,41,37,59
20191122,17:29:44.0,2019-11-22 17:29:44,GC1912,COMEX,1470.5,0,74868,0.0,1464.3,1470.8,1463.6,1463.6,1463.6,1.7976931348623157e+308,1.7976931348623157e+308,0.0,1470.4,1470.3,1470.2,1470.1,1470.0,1470.5,1470.6,1470.7,1470.8,1470.9,16,31,38,32,41,13,41,37,59,30
20191122,17:29:45.0,2019-11-22 17:29:45,SI1912,COMEX,17.155,0,16073,0.0,17.075,17.18,17.03,17.065,17.065,1.7976931348623157e+308,1.7976931348623157e+308,0.0,17.15,17.145,17.14,17.135,17.13,17.155,17.16,17.165,17.17,17.175,24,38,40,37,38,32,39,40,43,44
20191122,17:29:45.0,2019-11-22 17:29:45,GC1912,COMEX,1470.5,0,74868,0.0,1464.3,1470.8,1463.6,1463.6,1463.6,1.7976931348623157e+308,1.7976931348623157e+308,0.0,1470.4,1470.3,1470.2,1470.1,1470.0,1470.5,1470.6,1470.7,1470.8,1470.9,16,31,40,32,41,10,41,37,59,30
20191122,17:29:45.0,2019-11-22 17:29:45,CL2001,NYMEX,58.41,0,66281,0.0,58.31,58.51,58.09,58.58,58.58,1.7976931348623157e+308,1.7976931348623157e+308,0.0,58.4,58.39,58.38,58.37,58.36,58.41,58.42,58.43,58.44,58.45,32,26,37,33,31,13,29,33,32,37
20191122,17:29:45.0,2019-11-22 17:29:45,GC1912,COMEX,1470.4,0,74869,0.0,1464.3,1470.8,1463.6,1463.6,1463.6,1.7976931348623157e+308,1.7976931348623157e+308,0.0,1470.4,1470.3,1470.2,1470.1,1470.0,1470.5,1470.6,1470.7,1470.8,1470.9,15,31,40,32,41,14,41,37,59,30
20191122,17:29:46.0,2019-11-22 17:29:46,CL2001,NYMEX,58.41,0,66281,0.0,58.31,58.51,58.09,58.58,58.58,1.7976931348623157e+308,1.7976931348623157e+308,0.0,58.4,58.39,58.38,58.37,58.36,58.41,58.42,58.43,58.44,58.45,28,26,37,34,31,13,29,33,32,37
20191122,17:29:46.0,2019-11-22 17:29:46,SI1912,COMEX,17.155,0,16073,0.0,17.075,17.18,17.03,17.065,17.065,1.7976931348623157e+308,1.7976931348623157e+308,0.0,17.15,17.145,17.14,17.135,17.13,17.155,17.16,17.165,17.17,17.175,24,38,40,37,38,32,39,40,43,44
20191122,17:29:46.0,2019-11-22 17:29:46,UC1912,SGX,7.0475,0,11247,0.0,7.0349,7.0485,7.0301,7.0418,7.0418,1.7976931348623157e+308,1.7976931348623157e+308,0.0,7.0476,7.0475,7.0474,7.0473,7.0472,7.0479,7.048,7.0481,7.0482,7.0483,6,7,25,18,30,9,3,14,13,35
20191122,17:29:46.0,2019-11-22 17:29:46,GC1912,COMEX,1470.4,0,74869,0.0,1464.3,1470.8,1463.6,1463.6,1463.6,1.7976931348623157e+308,1.7976931348623157e+308,0.0,1470.4,1470.3,1470.2,1470.1,1470.0,1470.5,1470.6,1470.7,1470.8,1470.9,15,31,40,32,41,16,41,37,59,30
20191122,17:29:46.0,2019-11-22 17:29:46,GC1912,COMEX,1470.4,0,74871,0.0,1464.3,1470.8,1463.6,1463.6,1463.6,1.7976931348623157e+308,1.7976931348623157e+308,0.0,1470.4,1470.3,1470.2,1470.1,1470.0,1470.5,1470.6,1470.7,1470.8,1470.9,10,31,40,32,41,18,41,37,58,30
20191122,17:29:47.0,2019-11-22 17:29:47,CL2001,NYMEX,58.41,0,66281,0.0,58.31,58.51,58.09,58.58,58.58,1.7976931348623157e+308,1.7976931348623157e+308,0.0,58.4,58.39,58.38,58.37,58.36,58.41,58.42,58.43,58.44,58.45,28,26,37,34,31,14,29,32,32,38
20191122,17:29:47.0,2019-11-22 17:29:47,UC1912,SGX,7.0475,0,11247,0.0,7.0349,7.0485,7.0301,7.0418,7.0418,1.7976931348623157e+308,1.7976931348623157e+308,0.0,7.0476,7.0475,7.0474,7.0473,7.0472,7.0479,7.048,7.0481,7.0482,7.0483,6,7,25,18,30,9,3,14,13,35
20191122,17:29:48.0,2019-11-22 17:29:48,UC1912,SGX,7.0475,0,11247,0.0,7.0349,7.0485,7.0301,7.0418,7.0418,1.7976931348623157e+308,1.7976931348623157e+308,0.0,7.0476,7.0475,7.0474,7.0473,7.0472,7.0479,7.048,7.0481,7.0482,7.0483,6,7,25,18,25,9,3,14,13,35
20191122,17:29:48.0,2019-11-22 17:29:48,CL2001,NYMEX,58.4,0,66282,0.0,58.31,58.51,58.09,58.58,58.58,1.7976931348623157e+308,1.7976931348623157e+308,0.0,58.4,58.39,58.38,58.37,58.36,58.41,58.42,58.43,58.44,58.45,27,26,37,34,31,22,27,32,32,38
20191122,17:29:48.0,2019-11-22 17:29:48,CL2001,NYMEX,58.41,0,66283,0.0,58.31,58.51,58.09,58.58,58.58,1.7976931348623157e+308,1.7976931348623157e+308,0.0,58.4,58.39,58.38,58.37,58.36,58.41,58.42,58.43,58.44,58.45,27,26,37,34,31,13,27,32,32,38
20191122,17:29:49.0,2019-11-22 17:29:49,CL2001,NYMEX,58.41,0,66283,0.0,58.31,58.51,58.09,58.58,58.58,1.7976931348623157e+308,1.7976931348623157e+308,0.0,58.4,58.39,58.38,58.37,58.36,58.41,58.42,58.43,58.44,58.45,30,26,37,34,31,13,27,32,32,38
20191122,17:29:50.0,2019-11-22 17:29:50,SI1912,COMEX,17.155,0,16073,0.0,17.075,17.18,17.03,17.065,17.065,1.7976931348623157e+308,1.7976931348623157e+308,0.0,17.15,17.145,17.14,17.135,17.13,17.155,17.16,17.165,17.17,17.175,24,38,40,37,38,32,39,40,43,44
20191122,17:29:50.0,2019-11-22 17:29:50,GC1912,COMEX,1470.4,0,74871,0.0,1464.3,1470.8,1463.6,1463.6,1463.6,1.7976931348623157e+308,1.7976931348623157e+308,0.0,1470.3,1470.2,1470.1,1470.0,1469.9,1470.5,1470.6,1470.7,1470.8,1470.9,27,37,32,41,37,27,40,37,58,30
