date,time,datetime,symbol,exchange,lastPrice,lastVolume,volume,openInterest,openPrice,highPrice,lowPrice,preClosePrice,preSettlementPrice,upperLimit,lowerLimit,turnover,bidPrice1,bidPrice2,bidPrice3,bidPrice4,bidPrice5,askPrice1,askPrice2,askPrice3,askPrice4,askPrice5,bidVolume1,bidVolume2,bidVolume3,bidVolume4,bidVolume5,askVolume1,askVolume2,askVolume3,askVolume4,askVolume5
20191126,09:41:45.500,2019-11-26 09:41:45.500000,al2001,SHFE,13760.0,0,50968,205636.0,13805.0,13820.0,13750.0,13805.0,13835.0,14525.0,13140.0,3510315450.0,13755.0,1.7976931348623157e+308,1.7976931348623157e+308,1.7976931348623157e+308,1.7976931348623157e+308,13760.0,1.7976931348623157e+308,1.7976931348623157e+308,1.7976931348623157e+308,1.7976931348623157e+308,110,0,0,0,0,103,0,0,0,0
20191126,10:57:56.0,2019-11-26 10:57:56,al2001,SHFE,13770.0,0,73958,205016.0,13805.0,13820.0,13745.0,13805.0,13835.0,14525.0,13140.0,5091503700.0,13770.0,1.7976931348623157e+308,1.7976931348623157e+308,1.7976931348623157e+308,1.7976931348623157e+308,13775.0,1.7976931348623157e+308,1.7976931348623157e+308,1.7976931348623157e+308,1.7976931348623157e+308,180,0,0,0,0,261,0,0,0,0
20191126,10:57:57.0,2019-11-26 10:57:57,al2001,SHFE,13770.0,0,73964,205016.0,13805.0,13820.0,13745.0,13805.0,13835.0,14525.0,13140.0,5091916800.0,13770.0,1.7976931348623157e+308,1.7976931348623157e+308,1.7976931348623157e+308,1.7976931348623157e+308,13775.0,1.7976931348623157e+308,1.7976931348623157e+308,1.7976931348623157e+308,1.7976931348623157e+308,177,0,0,0,0,261,0,0,0,0
20191126,10:57:59.0,2019-11-26 10:57:59,al2001,SHFE,13770.0,0,73968,205016.0,13805.0,13820.0,13745.0,13805.0,13835.0,14525.0,13140.0,5092192200.0,13770.0,1.7976931348623157e+308,1.7976931348623157e+308,1.7976931348623157e+308,1.7976931348623157e+308,13775.0,1.7976931348623157e+308,1.7976931348623157e+308,1.7976931348623157e+308,1.7976931348623157e+308,175,0,0,0,0,261,0,0,0,0
20191126,10:58:00.500,2019-11-26 10:58:00.500000,al2001,SHFE,13770.0,0,73968,205016.0,13805.0,13820.0,13745.0,13805.0,13835.0,14525.0,13140.0,5092192200.0,13770.0,1.7976931348623157e+308,1.7976931348623157e+308,1.7976931348623157e+308,1.7976931348623157e+308,13775.0,1.7976931348623157e+308,1.7976931348623157e+308,1.7976931348623157e+308,1.7976931348623157e+308,175,0,0,0,0,257,0,0,0,0
20191126,10:58:02.0,2019-11-26 10:58:02,al2001,SHFE,13775.0,0,73972,205014.0,13805.0,13820.0,13745.0,13805.0,13835.0,14525.0,13140.0,5092467650.0,13770.0,1.7976931348623157e+308,1.7976931348623157e+308,1.7976931348623157e+308,1.7976931348623157e+308,13775.0,1.7976931348623157e+308,1.7976931348623157e+308,1.7976931348623157e+308,1.7976931348623157e+308,174,0,0,0,0,256,0,0,0,0
20191126,10:58:02.500,2019-11-26 10:58:02.500000,al2001,SHFE,13775.0,0,73972,205014.0,13805.0,13820.0,13745.0,13805.0,13835.0,14525.0,13140.0,5092467650.0,13770.0,1.7976931348623157e+308,1.7976931348623157e+308,1.7976931348623157e+308,1.7976931348623157e+308,13775.0,1.7976931348623157e+308,1.7976931348623157e+308,1.7976931348623157e+308,1.7976931348623157e+308,181,0,0,0,0,256,0,0,0,0
20191126,10:58:03.500,2019-11-26 10:58:03.500000,al2001,SHFE,13775.0,0,73972,205014.0,13805.0,13820.0,13745.0,13805.0,13835.0,14525.0,13140.0,5092467650.0,13770.0,1.7976931348623157e+308,1.7976931348623157e+308,1.7976931348623157e+308,1.7976931348623157e+308,13775.0,1.7976931348623157e+308,1.7976931348623157e+308,1.7976931348623157e+308,1.7976931348623157e+308,181,0,0,0,0,257,0,0,0,0
20191126,10:58:04.0,2019-11-26 10:58:04,al2001,SHFE,13775.0,0,73972,205014.0,13805.0,13820.0,13745.0,13805.0,13835.0,14525.0,13140.0,5092467650.0,13770.0,1.7976931348623157e+308,1.7976931348623157e+308,1.7976931348623157e+308,1.7976931348623157e+308,13775.0,1.7976931348623157e+308,1.7976931348623157e+308,1.7976931348623157e+308,1.7976931348623157e+308,181,0,0,0,0,257,0,0,0,0
20191126,10:58:07.0,2019-11-26 10:58:07,al2001,SHFE,13770.0,0,73978,205014.0,13805.0,13820.0,13745.0,13805.0,13835.0,14525.0,13140.0,5092880750.0,13770.0,1.7976931348623157e+308,1.7976931348623157e+308,1.7976931348623157e+308,1.7976931348623157e+308,13775.0,1.7976931348623157e+308,1.7976931348623157e+308,1.7976931348623157e+308,1.7976931348623157e+308,178,0,0,0,0,257,0,0,0,0
20191126,10:58:08.500,2019-11-26 10:58:08.500000,al2001,SHFE,13770.0,0,73978,205014.0,13805.0,13820.0,13745.0,13805.0,13835.0,14525.0,13140.0,5092880750.0,13770.0,1.7976931348623157e+308,1.7976931348623157e+308,1.7976931348623157e+308,1.7976931348623157e+308,13775.0,1.7976931348623157e+308,1.7976931348623157e+308,1.7976931348623157e+308,1.7976931348623157e+308,178,0,0,0,0,257,0,0,0,0
20191126,10:58:09.0,2019-11-26 10:58:09,al2001,SHFE,13770.0,0,73980,205014.0,13805.0,13820.0,13745.0,13805.0,13835.0,14525.0,13140.0,5093018450.0,13770.0,1.7976931348623157e+308,1.7976931348623157e+308,1.7976931348623157e+308,1.7976931348623157e+308,13775.0,1.7976931348623157e+308,1.7976931348623157e+308,1.7976931348623157e+308,1.7976931348623157e+308,177,0,0,0,0,257,0,0,0,0
20191126,10:58:09.500,2019-11-26 10:58:09.500000,al2001,SHFE,13770.0,0,73980,205014.0,13805.0,13820.0,13745.0,13805.0,13835.0,14525.0,13140.0,5093018450.0,13770.0,1.7976931348623157e+308,1.7976931348623157e+308,1.7976931348623157e+308,1.7976931348623157e+308,13775.0,1.7976931348623157e+308,1.7976931348623157e+308,1.7976931348623157e+308,1.7976931348623157e+308,178,0,0,0,0,257,0,0,0,0
20191126,10:58:15.0,2019-11-26 10:58:15,al2001,SHFE,13770.0,0,73980,205014.0,13805.0,13820.0,13745.0,13805.0,13835.0,14525.0,13140.0,5093018450.0,13770.0,1.7976931348623157e+308,1.7976931348623157e+308,1.7976931348623157e+308,1.7976931348623157e+308,13775.0,1.7976931348623157e+308,1.7976931348623157e+308,1.7976931348623157e+308,1.7976931348623157e+308,223,0,0,0,0,257,0,0,0,0
20191126,10:58:15.500,2019-11-26 10:58:15.500000,al2001,SHFE,13770.0,0,73980,205014.0,13805.0,13820.0,13745.0,13805.0,13835.0,14525.0,13140.0,5093018450.0,13770.0,1.7976931348623157e+308,1.7976931348623157e+308,1.7976931348623157e+308,1.7976931348623157e+308,13775.0,1.7976931348623157e+308,1.7976931348623157e+308,1.7976931348623157e+308,1.7976931348623157e+308,229,0,0,0,0,257,0,0,0,0
20191126,10:58:16.0,2019-11-26 10:58:16,al2001,SHFE,13770.0,0,73980,205014.0,13805.0,13820.0,13745.0,13805.0,13835.0,14525.0,13140.0,5093018450.0,13770.0,1.7976931348623157e+308,1.7976931348623157e+308,1.7976931348623157e+308,1.7976931348623157e+308,13775.0,1.7976931348623157e+308,1.7976931348623157e+308,1.7976931348623157e+308,1.7976931348623157e+308,230,0,0,0,0,257,0,0,0,0
20191126,10:58:17.0,2019-11-26 10:58:17,al2001,SHFE,13770.0,0,73986,205014.0,13805.0,13820.0,13745.0,13805.0,13835.0,14525.0,13140.0,5093431550.0,13770.0,1.7976931348623157e+308,1.7976931348623157e+308,1.7976931348623157e+308,1.7976931348623157e+308,13775.0,1.7976931348623157e+308,1.7976931348623157e+308,1.7976931348623157e+308,1.7976931348623157e+308,227,0,0,0,0,257,0,0,0,0
20191126,10:58:17.500,2019-11-26 10:58:17.500000,al2001,SHFE,13770.0,0,73986,205014.0,13805.0,13820.0,13745.0,13805.0,13835.0,14525.0,13140.0,5093431550.0,13770.0,1.7976931348623157e+308,1.7976931348623157e+308,1.7976931348623157e+308,1.7976931348623157e+308,13775.0,1.7976931348623157e+308,1.7976931348623157e+308,1.7976931348623157e+308,1.7976931348623157e+308,221,0,0,0,0,257,0,0,0,0
20191126,10:58:19.0,2019-11-26 10:58:19,al2001,SHFE,13770.0,0,73990,205014.0,13805.0,13820.0,13745.0,13805.0,13835.0,14525.0,13140.0,5093706950.0,13770.0,1.7976931348623157e+308,1.7976931348623157e+308,1.7976931348623157e+308,1.7976931348623157e+308,13775.0,1.7976931348623157e+308,1.7976931348623157e+308,1.7976931348623157e+308,1.7976931348623157e+308,219,0,0,0,0,257,0,0,0,0
20191126,10:58:20.0,2019-11-26 10:58:20,al2001,SHFE,13770.0,0,73990,205014.0,13805.0,13820.0,13745.0,13805.0,13835.0,14525.0,13140.0,5093706950.0,13770.0,1.7976931348623157e+308,1.7976931348623157e+308,1.7976931348623157e+308,1.7976931348623157e+308,13775.0,1.7976931348623157e+308,1.7976931348623157e+308,1.7976931348623157e+308,1.7976931348623157e+308,219,0,0,0,0,257,0,0,0,0
20191126,10:58:20.500,2019-11-26 10:58:20.500000,al2001,SHFE,13770.0,0,73990,205014.0,13805.0,13820.0,13745.0,13805.0,13835.0,14525.0,13140.0,5093706950.0,13770.0,1.7976931348623157e+308,1.7976931348623157e+308,1.7976931348623157e+308,1.7976931348623157e+308,13775.0,1.7976931348623157e+308,1.7976931348623157e+308,1.7976931348623157e+308,1.7976931348623157e+308,225,0,0,0,0,257,0,0,0,0
20191126,10:58:22.0,2019-11-26 10:58:22,al2001,SHFE,13770.0,0,73990,205014.0,13805.0,13820.0,13745.0,13805.0,13835.0,14525.0,13140.0,5093706950.0,13770.0,1.7976931348623157e+308,1.7976931348623157e+308,1.7976931348623157e+308,1.7976931348623157e+308,13775.0,1.7976931348623157e+308,1.7976931348623157e+308,1.7976931348623157e+308,1.7976931348623157e+308,270,0,0,0,0,257,0,0,0,0
20191126,10:58:22.500,2019-11-26 10:58:22.500000,al2001,SHFE,13770.0,0,73990,205014.0,13805.0,13820.0,13745.0,13805.0,13835.0,14525.0,13140.0,5093706950.0,13770.0,1.7976931348623157e+308,1.7976931348623157e+308,1.7976931348623157e+308,1.7976931348623157e+308,13775.0,1.7976931348623157e+308,1.7976931348623157e+308,1.7976931348623157e+308,1.7976931348623157e+308,265,0,0,0,0,257,0,0,0,0
20191126,10:58:23.500,2019-11-26 10:58:23.500000,al2001,SHFE,13770.0,0,73994,205010.0,13805.0,13820.0,13745.0,13805.0,13835.0,14525.0,13140.0,5093982350.0,13770.0,1.7976931348623157e+308,1.7976931348623157e+308,1.7976931348623157e+308,1.7976931348623157e+308,13775.0,1.7976931348623157e+308,1.7976931348623157e+308,1.7976931348623157e+308,1.7976931348623157e+308,263,0,0,0,0,257,0,0,0,0
20191126,10:58:26.0,2019-11-26 10:58:26,al2001,SHFE,13770.0,0,73994,205010.0,13805.0,13820.0,13745.0,13805.0,13835.0,14525.0,13140.0,5093982350.0,13770.0,1.7976931348623157e+308,1.7976931348623157e+308,1.7976931348623157e+308,1.7976931348623157e+308,13775.0,1.7976931348623157e+308,1.7976931348623157e+308,1.7976931348623157e+308,1.7976931348623157e+308,263,0,0,0,0,257,0,0,0,0
20191126,10:58:27.0,2019-11-26 10:58:27,al2001,SHFE,13770.0,0,74000,205010.0,13805.0,13820.0,13745.0,13805.0,13835.0,14525.0,13140.0,5094395450.0,13770.0,1.7976931348623157e+308,1.7976931348623157e+308,1.7976931348623157e+308,1.7976931348623157e+308,13775.0,1.7976931348623157e+308,1.7976931348623157e+308,1.7976931348623157e+308,1.7976931348623157e+308,260,0,0,0,0,257,0,0,0,0
20191126,10:58:27.500,2019-11-26 10:58:27.500000,al2001,SHFE,13770.0,0,74000,205010.0,13805.0,13820.0,13745.0,13805.0,13835.0,14525.0,13140.0,5094395450.0,13770.0,1.7976931348623157e+308,1.7976931348623157e+308,1.7976931348623157e+308,1.7976931348623157e+308,13775.0,1.7976931348623157e+308,1.7976931348623157e+308,1.7976931348623157e+308,1.7976931348623157e+308,254,0,0,0,0,257,0,0,0,0
20191126,10:58:28.0,2019-11-26 10:58:28,al2001,SHFE,13770.0,0,74000,205010.0,13805.0,13820.0,13745.0,13805.0,13835.0,14525.0,13140.0,5094395450.0,13770.0,1.7976931348623157e+308,1.7976931348623157e+308,1.7976931348623157e+308,1.7976931348623157e+308,13775.0,1.7976931348623157e+308,1.7976931348623157e+308,1.7976931348623157e+308,1.7976931348623157e+308,260,0,0,0,0,257,0,0,0,0
20191126,10:58:29.0,2019-11-26 10:58:29,al2001,SHFE,13770.0,0,74002,205010.0,13805.0,13820.0,13745.0,13805.0,13835.0,14525.0,13140.0,5094533150.0,13770.0,1.7976931348623157e+308,1.7976931348623157e+308,1.7976931348623157e+308,1.7976931348623157e+308,13775.0,1.7976931348623157e+308,1.7976931348623157e+308,1.7976931348623157e+308,1.7976931348623157e+308,259,0,0,0,0,257,0,0,0,0
20191126,10:58:32.500,2019-11-26 10:58:32.500000,al2001,SHFE,13770.0,0,74516,205148.0,13805.0,13820.0,13745.0,13805.0,13835.0,14525.0,13140.0,5129922050.0,13765.0,1.7976931348623157e+308,1.7976931348623157e+308,1.7976931348623157e+308,1.7976931348623157e+308,13775.0,1.7976931348623157e+308,1.7976931348623157e+308,1.7976931348623157e+308,1.7976931348623157e+308,239,0,0,0,0,269,0,0,0,0
20191126,10:58:33.0,2019-11-26 10:58:33,al2001,SHFE,13770.0,0,74552,205140.0,13805.0,13820.0,13745.0,13805.0,13835.0,14525.0,13140.0,5132400650.0,13765.0,1.7976931348623157e+308,1.7976931348623157e+308,1.7976931348623157e+308,1.7976931348623157e+308,13770.0,1.7976931348623157e+308,1.7976931348623157e+308,1.7976931348623157e+308,1.7976931348623157e+308,245,0,0,0,0,27,0,0,0,0
20191126,10:58:33.500,2019-11-26 10:58:33.500000,al2001,SHFE,13770.0,0,74552,205140.0,13805.0,13820.0,13745.0,13805.0,13835.0,14525.0,13140.0,5132400650.0,13765.0,1.7976931348623157e+308,1.7976931348623157e+308,1.7976931348623157e+308,1.7976931348623157e+308,13770.0,1.7976931348623157e+308,1.7976931348623157e+308,1.7976931348623157e+308,1.7976931348623157e+308,244,0,0,0,0,100,0,0,0,0
20191126,10:58:34.0,2019-11-26 10:58:34,al2001,SHFE,13770.0,0,74552,205140.0,13805.0,13820.0,13745.0,13805.0,13835.0,14525.0,13140.0,5132400650.0,13765.0,1.7976931348623157e+308,1.7976931348623157e+308,1.7976931348623157e+308,1.7976931348623157e+308,13770.0,1.7976931348623157e+308,1.7976931348623157e+308,1.7976931348623157e+308,1.7976931348623157e+308,244,0,0,0,0,107,0,0,0,0
20191126,10:58:37.0,2019-11-26 10:58:37,al2001,SHFE,13765.0,0,74558,205140.0,13805.0,13820.0,13745.0,13805.0,13835.0,14525.0,13140.0,5132813600.0,13765.0,1.7976931348623157e+308,1.7976931348623157e+308,1.7976931348623157e+308,1.7976931348623157e+308,13770.0,1.7976931348623157e+308,1.7976931348623157e+308,1.7976931348623157e+308,1.7976931348623157e+308,241,0,0,0,0,107,0,0,0,0
20191126,10:58:38.0,2019-11-26 10:58:38,al2001,SHFE,13770.0,0,74694,205080.0,13805.0,13820.0,13745.0,13805.0,13835.0,14525.0,13140.0,5142177200.0,13765.0,1.7976931348623157e+308,1.7976931348623157e+308,1.7976931348623157e+308,1.7976931348623157e+308,13770.0,1.7976931348623157e+308,1.7976931348623157e+308,1.7976931348623157e+308,1.7976931348623157e+308,173,0,0,0,0,39,0,0,0,0
20191126,10:58:38.500,2019-11-26 10:58:38.500000,al2001,SHFE,13770.0,0,74694,205080.0,13805.0,13820.0,13745.0,13805.0,13835.0,14525.0,13140.0,5142177200.0,13765.0,1.7976931348623157e+308,1.7976931348623157e+308,1.7976931348623157e+308,1.7976931348623157e+308,13770.0,1.7976931348623157e+308,1.7976931348623157e+308,1.7976931348623157e+308,1.7976931348623157e+308,229,0,0,0,0,55,0,0,0,0
20191126,10:58:39.0,2019-11-26 10:58:39,al2001,SHFE,13765.0,0,74698,205080.0,13805.0,13820.0,13745.0,13805.0,13835.0,14525.0,13140.0,5142452500.0,13765.0,1.7976931348623157e+308,1.7976931348623157e+308,1.7976931348623157e+308,1.7976931348623157e+308,13770.0,1.7976931348623157e+308,1.7976931348623157e+308,1.7976931348623157e+308,1.7976931348623157e+308,227,0,0,0,0,59,0,0,0,0
20191126,10:58:41.500,2019-11-26 10:58:41.500000,al2001,SHFE,13770.0,0,74700,205080.0,13805.0,13820.0,13745.0,13805.0,13835.0,14525.0,13140.0,5142590200.0,13765.0,1.7976931348623157e+308,1.7976931348623157e+308,1.7976931348623157e+308,1.7976931348623157e+308,13770.0,1.7976931348623157e+308,1.7976931348623157e+308,1.7976931348623157e+308,1.7976931348623157e+308,227,0,0,0,0,58,0,0,0,0
20191126,10:58:42.0,2019-11-26 10:58:42,al2001,SHFE,13770.0,0,74700,205080.0,13805.0,13820.0,13745.0,13805.0,13835.0,14525.0,13140.0,5142590200.0,13765.0,1.7976931348623157e+308,1.7976931348623157e+308,1.7976931348623157e+308,1.7976931348623157e+308,13770.0,1.7976931348623157e+308,1.7976931348623157e+308,1.7976931348623157e+308,1.7976931348623157e+308,232,0,0,0,0,58,0,0,0,0
20191126,10:58:42.500,2019-11-26 10:58:42.500000,al2001,SHFE,13770.0,0,74700,205080.0,13805.0,13820.0,13745.0,13805.0,13835.0,14525.0,13140.0,5142590200.0,13765.0,1.7976931348623157e+308,1.7976931348623157e+308,1.7976931348623157e+308,1.7976931348623157e+308,13770.0,1.7976931348623157e+308,1.7976931348623157e+308,1.7976931348623157e+308,1.7976931348623157e+308,232,0,0,0,0,62,0,0,0,0
20191126,10:58:43.0,2019-11-26 10:58:43,al2001,SHFE,13770.0,0,74700,205080.0,13805.0,13820.0,13745.0,13805.0,13835.0,14525.0,13140.0,5142590200.0,13765.0,1.7976931348623157e+308,1.7976931348623157e+308,1.7976931348623157e+308,1.7976931348623157e+308,13770.0,1.7976931348623157e+308,1.7976931348623157e+308,1.7976931348623157e+308,1.7976931348623157e+308,232,0,0,0,0,83,0,0,0,0
20191126,10:58:43.500,2019-11-26 10:58:43.500000,al2001,SHFE,13770.0,0,74700,205080.0,13805.0,13820.0,13745.0,13805.0,13835.0,14525.0,13140.0,5142590200.0,13765.0,1.7976931348623157e+308,1.7976931348623157e+308,1.7976931348623157e+308,1.7976931348623157e+308,13770.0,1.7976931348623157e+308,1.7976931348623157e+308,1.7976931348623157e+308,1.7976931348623157e+308,232,0,0,0,0,84,0,0,0,0
20191126,10:58:45.500,2019-11-26 10:58:45.500000,al2001,SHFE,13770.0,0,74700,205080.0,13805.0,13820.0,13745.0,13805.0,13835.0,14525.0,13140.0,5142590200.0,13765.0,1.7976931348623157e+308,1.7976931348623157e+308,1.7976931348623157e+308,1.7976931348623157e+308,13770.0,1.7976931348623157e+308,1.7976931348623157e+308,1.7976931348623157e+308,1.7976931348623157e+308,232,0,0,0,0,85,0,0,0,0
20191126,10:58:47.0,2019-11-26 10:58:47,al2001,SHFE,13765.0,0,74706,205084.0,13805.0,13820.0,13745.0,13805.0,13835.0,14525.0,13140.0,5143003150.0,13765.0,1.7976931348623157e+308,1.7976931348623157e+308,1.7976931348623157e+308,1.7976931348623157e+308,13770.0,1.7976931348623157e+308,1.7976931348623157e+308,1.7976931348623157e+308,1.7976931348623157e+308,229,0,0,0,0,85,0,0,0,0
20191126,10:58:47.500,2019-11-26 10:58:47.500000,al2001,SHFE,13765.0,0,74706,205084.0,13805.0,13820.0,13745.0,13805.0,13835.0,14525.0,13140.0,5143003150.0,13765.0,1.7976931348623157e+308,1.7976931348623157e+308,1.7976931348623157e+308,1.7976931348623157e+308,13770.0,1.7976931348623157e+308,1.7976931348623157e+308,1.7976931348623157e+308,1.7976931348623157e+308,230,0,0,0,0,85,0,0,0,0
20191126,10:58:48.0,2019-11-26 10:58:48,al2001,SHFE,13765.0,0,74706,205084.0,13805.0,13820.0,13745.0,13805.0,13835.0,14525.0,13140.0,5143003150.0,13765.0,1.7976931348623157e+308,1.7976931348623157e+308,1.7976931348623157e+308,1.7976931348623157e+308,13770.0,1.7976931348623157e+308,1.7976931348623157e+308,1.7976931348623157e+308,1.7976931348623157e+308,226,0,0,0,0,86,0,0,0,0
20191126,10:58:49.0,2019-11-26 10:58:49,al2001,SHFE,13765.0,0,74708,205086.0,13805.0,13820.0,13745.0,13805.0,13835.0,14525.0,13140.0,5143140800.0,13765.0,1.7976931348623157e+308,1.7976931348623157e+308,1.7976931348623157e+308,1.7976931348623157e+308,13770.0,1.7976931348623157e+308,1.7976931348623157e+308,1.7976931348623157e+308,1.7976931348623157e+308,225,0,0,0,0,86,0,0,0,0
20191126,10:58:53.0,2019-11-26 10:58:53,al2001,SHFE,13770.0,0,74808,205020.0,13805.0,13820.0,13745.0,13805.0,13835.0,14525.0,13140.0,5150025800.0,13765.0,1.7976931348623157e+308,1.7976931348623157e+308,1.7976931348623157e+308,1.7976931348623157e+308,13770.0,1.7976931348623157e+308,1.7976931348623157e+308,1.7976931348623157e+308,1.7976931348623157e+308,225,0,0,0,0,48,0,0,0,0
20191126,10:58:53.500,2019-11-26 10:58:53.500000,al2001,SHFE,13770.0,0,74808,205020.0,13805.0,13820.0,13745.0,13805.0,13835.0,14525.0,13140.0,5150025800.0,13765.0,1.7976931348623157e+308,1.7976931348623157e+308,1.7976931348623157e+308,1.7976931348623157e+308,13770.0,1.7976931348623157e+308,1.7976931348623157e+308,1.7976931348623157e+308,1.7976931348623157e+308,275,0,0,0,0,17,0,0,0,0
20191126,10:58:54.0,2019-11-26 10:58:54,al2001,SHFE,13770.0,0,74818,205028.0,13805.0,13820.0,13745.0,13805.0,13835.0,14525.0,13140.0,5150714300.0,13765.0,1.7976931348623157e+308,1.7976931348623157e+308,1.7976931348623157e+308,1.7976931348623157e+308,13770.0,1.7976931348623157e+308,1.7976931348623157e+308,1.7976931348623157e+308,1.7976931348623157e+308,275,0,0,0,0,14,0,0,0,0
20191126,10:58:54.500,2019-11-26 10:58:54.500000,al2001,SHFE,13770.0,0,74818,205028.0,13805.0,13820.0,13745.0,13805.0,13835.0,14525.0,13140.0,5150714300.0,13765.0,1.7976931348623157e+308,1.7976931348623157e+308,1.7976931348623157e+308,1.7976931348623157e+308,13770.0,1.7976931348623157e+308,1.7976931348623157e+308,1.7976931348623157e+308,1.7976931348623157e+308,275,0,0,0,0,18,0,0,0,0
20191126,10:58:55.0,2019-11-26 10:58:55,al2001,SHFE,13770.0,0,74818,205028.0,13805.0,13820.0,13745.0,13805.0,13835.0,14525.0,13140.0,5150714300.0,13765.0,1.7976931348623157e+308,1.7976931348623157e+308,1.7976931348623157e+308,1.7976931348623157e+308,13770.0,1.7976931348623157e+308,1.7976931348623157e+308,1.7976931348623157e+308,1.7976931348623157e+308,275,0,0,0,0,26,0,0,0,0
20191126,10:58:55.500,2019-11-26 10:58:55.500000,al2001,SHFE,13770.0,0,74818,205028.0,13805.0,13820.0,13745.0,13805.0,13835.0,14525.0,13140.0,5150714300.0,13765.0,1.7976931348623157e+308,1.7976931348623157e+308,1.7976931348623157e+308,1.7976931348623157e+308,13770.0,1.7976931348623157e+308,1.7976931348623157e+308,1.7976931348623157e+308,1.7976931348623157e+308,275,0,0,0,0,35,0,0,0,0
20191126,10:58:56.0,2019-11-26 10:58:56,al2001,SHFE,13770.0,0,74820,205026.0,13805.0,13820.0,13745.0,13805.0,13835.0,14525.0,13140.0,5150852000.0,13765.0,1.7976931348623157e+308,1.7976931348623157e+308,1.7976931348623157e+308,1.7976931348623157e+308,13770.0,1.7976931348623157e+308,1.7976931348623157e+308,1.7976931348623157e+308,1.7976931348623157e+308,275,0,0,0,0,34,0,0,0,0
20191126,10:58:57.0,2019-11-26 10:58:57,al2001,SHFE,13765.000000000002,0,74826,205032.0,13805.0,13820.0,13745.0,13805.0,13835.0,14525.0,13140.0,5151264950.0,13765.0,1.7976931348623157e+308,1.7976931348623157e+308,1.7976931348623157e+308,1.7976931348623157e+308,13770.0,1.7976931348623157e+308,1.7976931348623157e+308,1.7976931348623157e+308,1.7976931348623157e+308,272,0,0,0,0,34,0,0,0,0
20191126,10:58:57.500,2019-11-26 10:58:57.500000,al2001,SHFE,13765.000000000002,0,74826,205032.0,13805.0,13820.0,13745.0,13805.0,13835.0,14525.0,13140.0,5151264950.0,13765.0,1.7976931348623157e+308,1.7976931348623157e+308,1.7976931348623157e+308,1.7976931348623157e+308,13770.0,1.7976931348623157e+308,1.7976931348623157e+308,1.7976931348623157e+308,1.7976931348623157e+308,272,0,0,0,0,58,0,0,0,0
20191126,10:58:58.0,2019-11-26 10:58:58,al2001,SHFE,13765.000000000002,0,74826,205032.0,13805.0,13820.0,13745.0,13805.0,13835.0,14525.0,13140.0,5151264950.0,13765.0,1.7976931348623157e+308,1.7976931348623157e+308,1.7976931348623157e+308,1.7976931348623157e+308,13770.0,1.7976931348623157e+308,1.7976931348623157e+308,1.7976931348623157e+308,1.7976931348623157e+308,272,0,0,0,0,59,0,0,0,0
20191126,10:58:59.0,2019-11-26 10:58:59,al2001,SHFE,13765.000000000002,0,74830,205036.0,13805.0,13820.0,13745.0,13805.0,13835.0,14525.0,13140.0,5151540250.0,13765.0,1.7976931348623157e+308,1.7976931348623157e+308,1.7976931348623157e+308,1.7976931348623157e+308,13770.0,1.7976931348623157e+308,1.7976931348623157e+308,1.7976931348623157e+308,1.7976931348623157e+308,270,0,0,0,0,59,0,0,0,0
20191126,10:58:59.500,2019-11-26 10:58:59.500000,al2001,SHFE,13765.000000000002,0,74830,205036.0,13805.0,13820.0,13745.0,13805.0,13835.0,14525.0,13140.0,5151540250.0,13765.0,1.7976931348623157e+308,1.7976931348623157e+308,1.7976931348623157e+308,1.7976931348623157e+308,13770.0,1.7976931348623157e+308,1.7976931348623157e+308,1.7976931348623157e+308,1.7976931348623157e+308,271,0,0,0,0,44,0,0,0,0
20191126,10:59:00.0,2019-11-26 10:59:00,al2001,SHFE,13765.000000000002,0,74830,205036.0,13805.0,13820.0,13745.0,13805.0,13835.0,14525.0,13140.0,5151540250.0,13765.0,1.7976931348623157e+308,1.7976931348623157e+308,1.7976931348623157e+308,1.7976931348623157e+308,13770.0,1.7976931348623157e+308,1.7976931348623157e+308,1.7976931348623157e+308,1.7976931348623157e+308,270,0,0,0,0,63,0,0,0,0
20191126,10:59:00.500,2019-11-26 10:59:00.500000,al2001,SHFE,13765.000000000002,0,74830,205036.0,13805.0,13820.0,13745.0,13805.0,13835.0,14525.0,13140.0,5151540250.0,13765.0,1.7976931348623157e+308,1.7976931348623157e+308,1.7976931348623157e+308,1.7976931348623157e+308,13770.0,1.7976931348623157e+308,1.7976931348623157e+308,1.7976931348623157e+308,1.7976931348623157e+308,270,0,0,0,0,65,0,0,0,0
20191126,10:59:01.500,2019-11-26 10:59:01.500000,al2001,SHFE,13765.000000000002,0,74830,205036.0,13805.0,13820.0,13745.0,13805.0,13835.0,14525.0,13140.0,5151540250.0,13765.0,1.7976931348623157e+308,1.7976931348623157e+308,1.7976931348623157e+308,1.7976931348623157e+308,13770.0,1.7976931348623157e+308,1.7976931348623157e+308,1.7976931348623157e+308,1.7976931348623157e+308,268,0,0,0,0,67,0,0,0,0
20191126,10:59:02.0,2019-11-26 10:59:02,al2001,SHFE,13765.000000000002,0,74830,205036.0,13805.0,13820.0,13745.0,13805.0,13835.0,14525.0,13140.0,5151540250.0,13765.0,1.7976931348623157e+308,1.7976931348623157e+308,1.7976931348623157e+308,1.7976931348623157e+308,13770.0,1.7976931348623157e+308,1.7976931348623157e+308,1.7976931348623157e+308,1.7976931348623157e+308,268,0,0,0,0,68,0,0,0,0
20191126,10:59:02.500,2019-11-26 10:59:02.500000,al2001,SHFE,13765.000000000002,0,74830,205036.0,13805.0,13820.0,13745.0,13805.0,13835.0,14525.0,13140.0,5151540250.0,13765.0,1.7976931348623157e+308,1.7976931348623157e+308,1.7976931348623157e+308,1.7976931348623157e+308,13770.0,1.7976931348623157e+308,1.7976931348623157e+308,1.7976931348623157e+308,1.7976931348623157e+308,268,0,0,0,0,74,0,0,0,0
20191126,10:59:07.0,2019-11-26 10:59:07,al2001,SHFE,13765.000000000002,0,74836,205042.0,13805.0,13820.0,13745.0,13805.0,13835.0,14525.0,13140.0,5151953200.0,13765.0,1.7976931348623157e+308,1.7976931348623157e+308,1.7976931348623157e+308,1.7976931348623157e+308,13770.0,1.7976931348623157e+308,1.7976931348623157e+308,1.7976931348623157e+308,1.7976931348623157e+308,265,0,0,0,0,74,0,0,0,0
20191126,10:59:07.500,2019-11-26 10:59:07.500000,al2001,SHFE,13765.000000000002,0,74836,205042.0,13805.0,13820.0,13745.0,13805.0,13835.0,14525.0,13140.0,5151953200.0,13765.0,1.7976931348623157e+308,1.7976931348623157e+308,1.7976931348623157e+308,1.7976931348623157e+308,13770.0,1.7976931348623157e+308,1.7976931348623157e+308,1.7976931348623157e+308,1.7976931348623157e+308,268,0,0,0,0,81,0,0,0,0
20191126,10:59:09.0,2019-11-26 10:59:09,al2001,SHFE,13765.000000000002,0,74838,205044.0,13805.0,13820.0,13745.0,13805.0,13835.0,14525.0,13140.0,5152090850.0,13765.0,1.7976931348623157e+308,1.7976931348623157e+308,1.7976931348623157e+308,1.7976931348623157e+308,13770.0,1.7976931348623157e+308,1.7976931348623157e+308,1.7976931348623157e+308,1.7976931348623157e+308,267,0,0,0,0,81,0,0,0,0
20191126,10:59:09.500,2019-11-26 10:59:09.500000,al2001,SHFE,13765.000000000002,0,74838,205044.0,13805.0,13820.0,13745.0,13805.0,13835.0,14525.0,13140.0,5152090850.0,13765.0,1.7976931348623157e+308,1.7976931348623157e+308,1.7976931348623157e+308,1.7976931348623157e+308,13770.0,1.7976931348623157e+308,1.7976931348623157e+308,1.7976931348623157e+308,1.7976931348623157e+308,267,0,0,0,0,96,0,0,0,0
20191126,10:59:10.0,2019-11-26 10:59:10,al2001,SHFE,13765.000000000002,0,74838,205044.0,13805.0,13820.0,13745.0,13805.0,13835.0,14525.0,13140.0,5152090850.0,13765.0,1.7976931348623157e+308,1.7976931348623157e+308,1.7976931348623157e+308,1.7976931348623157e+308,13770.0,1.7976931348623157e+308,1.7976931348623157e+308,1.7976931348623157e+308,1.7976931348623157e+308,267,0,0,0,0,97,0,0,0,0
20191126,10:59:10.500,2019-11-26 10:59:10.500000,al2001,SHFE,13770.000000000002,0,74840,205042.0,13805.0,13820.0,13745.0,13805.0,13835.0,14525.0,13140.0,5152228550.0,13765.0,1.7976931348623157e+308,1.7976931348623157e+308,1.7976931348623157e+308,1.7976931348623157e+308,13770.0,1.7976931348623157e+308,1.7976931348623157e+308,1.7976931348623157e+308,1.7976931348623157e+308,267,0,0,0,0,96,0,0,0,0
20191126,10:59:11.500,2019-11-26 10:59:11.500000,al2001,SHFE,13770.000000000002,0,74840,205042.0,13805.0,13820.0,13745.0,13805.0,13835.0,14525.0,13140.0,5152228550.0,13765.0,1.7976931348623157e+308,1.7976931348623157e+308,1.7976931348623157e+308,1.7976931348623157e+308,13770.0,1.7976931348623157e+308,1.7976931348623157e+308,1.7976931348623157e+308,1.7976931348623157e+308,363,0,0,0,0,96,0,0,0,0
20191126,10:59:12.0,2019-11-26 10:59:12,al2001,SHFE,13770.000000000002,0,74840,205042.0,13805.0,13820.0,13745.0,13805.0,13835.0,14525.0,13140.0,5152228550.0,13765.0,1.7976931348623157e+308,1.7976931348623157e+308,1.7976931348623157e+308,1.7976931348623157e+308,13770.0,1.7976931348623157e+308,1.7976931348623157e+308,1.7976931348623157e+308,1.7976931348623157e+308,368,0,0,0,0,96,0,0,0,0
20191126,10:59:14.0,2019-11-26 10:59:14,al2001,SHFE,13770.000000000002,0,74840,205042.0,13805.0,13820.0,13745.0,13805.0,13835.0,14525.0,13140.0,5152228550.0,13765.0,1.7976931348623157e+308,1.7976931348623157e+308,1.7976931348623157e+308,1.7976931348623157e+308,13770.0,1.7976931348623157e+308,1.7976931348623157e+308,1.7976931348623157e+308,1.7976931348623157e+308,368,0,0,0,0,104,0,0,0,0
20191126,10:59:17.0,2019-11-26 10:59:17,al2001,SHFE,13765.000000000002,0,74848,205050.0,13805.0,13820.0,13745.0,13805.0,13835.0,14525.0,13140.0,5152779150.0,13765.0,1.7976931348623157e+308,1.7976931348623157e+308,1.7976931348623157e+308,1.7976931348623157e+308,13770.0,1.7976931348623157e+308,1.7976931348623157e+308,1.7976931348623157e+308,1.7976931348623157e+308,364,0,0,0,0,105,0,0,0,0
20191126,10:59:18.500,2019-11-26 10:59:18.500000,al2001,SHFE,13765.000000000002,0,74848,205050.0,13805.0,13820.0,13745.0,13805.0,13835.0,14525.0,13140.0,5152779150.0,13765.0,1.7976931348623157e+308,1.7976931348623157e+308,1.7976931348623157e+308,1.7976931348623157e+308,13770.0,1.7976931348623157e+308,1.7976931348623157e+308,1.7976931348623157e+308,1.7976931348623157e+308,364,0,0,0,0,100,0,0,0,0
20191126,10:59:19.0,2019-11-26 10:59:19,al2001,SHFE,13765.000000000002,0,74852,205054.0,13805.0,13820.0,13745.0,13805.0,13835.0,14525.0,13140.0,5153054450.0,13765.0,1.7976931348623157e+308,1.7976931348623157e+308,1.7976931348623157e+308,1.7976931348623157e+308,13770.0,1.7976931348623157e+308,1.7976931348623157e+308,1.7976931348623157e+308,1.7976931348623157e+308,362,0,0,0,0,100,0,0,0,0
20191126,10:59:20.500,2019-11-26 10:59:20.500000,al2001,SHFE,13770.000000000002,0,74868,205060.0,13805.0,13820.0,13745.0,13805.0,13835.0,14525.0,13140.0,5154156050.0,13765.0,1.7976931348623157e+308,1.7976931348623157e+308,1.7976931348623157e+308,1.7976931348623157e+308,13770.0,1.7976931348623157e+308,1.7976931348623157e+308,1.7976931348623157e+308,1.7976931348623157e+308,362,0,0,0,0,92,0,0,0,0
20191126,10:59:21.0,2019-11-26 10:59:21,al2001,SHFE,13770.000000000002,0,74868,205060.0,13805.0,13820.0,13745.0,13805.0,13835.0,14525.0,13140.0,5154156050.0,13765.0,1.7976931348623157e+308,1.7976931348623157e+308,1.7976931348623157e+308,1.7976931348623157e+308,13770.0,1.7976931348623157e+308,1.7976931348623157e+308,1.7976931348623157e+308,1.7976931348623157e+308,362,0,0,0,0,90,0,0,0,0
20191126,10:59:22.0,2019-11-26 10:59:22,al2001,SHFE,13770.000000000002,0,74868,205060.0,13805.0,13820.0,13745.0,13805.0,13835.0,14525.0,13140.0,5154156050.0,13765.0,1.7976931348623157e+308,1.7976931348623157e+308,1.7976931348623157e+308,1.7976931348623157e+308,13770.0,1.7976931348623157e+308,1.7976931348623157e+308,1.7976931348623157e+308,1.7976931348623157e+308,362,0,0,0,0,90,0,0,0,0
20191126,10:59:22.500,2019-11-26 10:59:22.500000,al2001,SHFE,13770.000000000002,0,74868,205060.0,13805.0,13820.0,13745.0,13805.0,13835.0,14525.0,13140.0,5154156050.0,13765.0,1.7976931348623157e+308,1.7976931348623157e+308,1.7976931348623157e+308,1.7976931348623157e+308,13770.0,1.7976931348623157e+308,1.7976931348623157e+308,1.7976931348623157e+308,1.7976931348623157e+308,362,0,0,0,0,90,0,0,0,0
20191126,10:59:24.0,2019-11-26 10:59:24,al2001,SHFE,13770.000000000002,0,74868,205060.0,13805.0,13820.0,13745.0,13805.0,13835.0,14525.0,13140.0,5154156050.0,13765.0,1.7976931348623157e+308,1.7976931348623157e+308,1.7976931348623157e+308,1.7976931348623157e+308,13770.0,1.7976931348623157e+308,1.7976931348623157e+308,1.7976931348623157e+308,1.7976931348623157e+308,362,0,0,0,0,101,0,0,0,0
20191126,10:59:24.500,2019-11-26 10:59:24.500000,al2001,SHFE,13770.000000000002,0,74868,205060.0,13805.0,13820.0,13745.0,13805.0,13835.0,14525.0,13140.0,5154156050.0,13765.0,1.7976931348623157e+308,1.7976931348623157e+308,1.7976931348623157e+308,1.7976931348623157e+308,13770.0,1.7976931348623157e+308,1.7976931348623157e+308,1.7976931348623157e+308,1.7976931348623157e+308,362,0,0,0,0,102,0,0,0,0
20191126,10:59:27.0,2019-11-26 10:59:27,al2001,SHFE,13765.000000000002,0,74874,205066.0,13805.0,13820.0,13745.0,13805.0,13835.0,14525.0,13140.0,5154569000.0,13765.0,1.7976931348623157e+308,1.7976931348623157e+308,1.7976931348623157e+308,1.7976931348623157e+308,13770.0,1.7976931348623157e+308,1.7976931348623157e+308,1.7976931348623157e+308,1.7976931348623157e+308,359,0,0,0,0,102,0,0,0,0
20191126,10:59:27.500,2019-11-26 10:59:27.500000,al2001,SHFE,13765.000000000002,0,74874,205066.0,13805.0,13820.0,13745.0,13805.0,13835.0,14525.0,13140.0,5154569000.0,13765.0,1.7976931348623157e+308,1.7976931348623157e+308,1.7976931348623157e+308,1.7976931348623157e+308,13770.0,1.7976931348623157e+308,1.7976931348623157e+308,1.7976931348623157e+308,1.7976931348623157e+308,358,0,0,0,0,102,0,0,0,0
20191126,10:59:28.500,2019-11-26 10:59:28.500000,al2001,SHFE,13765.000000000002,0,74874,205066.0,13805.0,13820.0,13745.0,13805.0,13835.0,14525.0,13140.0,5154569000.0,13765.0,1.7976931348623157e+308,1.7976931348623157e+308,1.7976931348623157e+308,1.7976931348623157e+308,13770.0,1.7976931348623157e+308,1.7976931348623157e+308,1.7976931348623157e+308,1.7976931348623157e+308,358,0,0,0,0,104,0,0,0,0
20191126,10:59:29.0,2019-11-26 10:59:29,al2001,SHFE,13765.000000000002,0,74876,205068.0,13805.0,13820.0,13745.0,13805.0,13835.0,14525.0,13140.0,5154706650.0,13765.0,1.7976931348623157e+308,1.7976931348623157e+308,1.7976931348623157e+308,1.7976931348623157e+308,13770.0,1.7976931348623157e+308,1.7976931348623157e+308,1.7976931348623157e+308,1.7976931348623157e+308,357,0,0,0,0,104,0,0,0,0
20191126,10:59:30.500,2019-11-26 10:59:30.500000,al2001,SHFE,13765.000000000002,0,74876,205068.0,13805.0,13820.0,13745.0,13805.0,13835.0,14525.0,13140.0,5154706650.0,13765.0,1.7976931348623157e+308,1.7976931348623157e+308,1.7976931348623157e+308,1.7976931348623157e+308,13770.0,1.7976931348623157e+308,1.7976931348623157e+308,1.7976931348623157e+308,1.7976931348623157e+308,355,0,0,0,0,104,0,0,0,0
20191126,10:59:31.500,2019-11-26 10:59:31.500000,al2001,SHFE,13770.0,0,74976,205056.0,13805.0,13820.0,13745.0,13805.0,13835.0,14525.0,13140.0,5161591650.0,13765.0,1.7976931348623157e+308,1.7976931348623157e+308,1.7976931348623157e+308,1.7976931348623157e+308,13770.0,1.7976931348623157e+308,1.7976931348623157e+308,1.7976931348623157e+308,1.7976931348623157e+308,305,0,0,0,0,54,0,0,0,0
20191126,10:59:32.0,2019-11-26 10:59:32,al2001,SHFE,13770.0,0,75004,205048.0,13805.0,13820.0,13745.0,13805.0,13835.0,14525.0,13140.0,5163519450.0,13765.0,1.7976931348623157e+308,1.7976931348623157e+308,1.7976931348623157e+308,1.7976931348623157e+308,13770.0,1.7976931348623157e+308,1.7976931348623157e+308,1.7976931348623157e+308,1.7976931348623157e+308,305,0,0,0,0,40,0,0,0,0
20191126,10:59:32.500,2019-11-26 10:59:32.500000,al2001,SHFE,13770.0,0,75006,205046.0,13805.0,13820.0,13745.0,13805.0,13835.0,14525.0,13140.0,5163657150.0,13765.0,1.7976931348623157e+308,1.7976931348623157e+308,1.7976931348623157e+308,1.7976931348623157e+308,13770.0,1.7976931348623157e+308,1.7976931348623157e+308,1.7976931348623157e+308,1.7976931348623157e+308,305,0,0,0,0,40,0,0,0,0
20191126,10:59:33.0,2019-11-26 10:59:33,al2001,SHFE,13770.0,0,75006,205046.0,13805.0,13820.0,13745.0,13805.0,13835.0,14525.0,13140.0,5163657150.0,13765.0,1.7976931348623157e+308,1.7976931348623157e+308,1.7976931348623157e+308,1.7976931348623157e+308,13770.0,1.7976931348623157e+308,1.7976931348623157e+308,1.7976931348623157e+308,1.7976931348623157e+308,307,0,0,0,0,46,0,0,0,0
20191126,10:59:33.500,2019-11-26 10:59:33.500000,al2001,SHFE,13770.0,0,75008,205044.0,13805.0,13820.0,13745.0,13805.0,13835.0,14525.0,13140.0,5163794850.0,13765.0,1.7976931348623157e+308,1.7976931348623157e+308,1.7976931348623157e+308,1.7976931348623157e+308,13770.0,1.7976931348623157e+308,1.7976931348623157e+308,1.7976931348623157e+308,1.7976931348623157e+308,307,0,0,0,0,45,0,0,0,0
20191126,10:59:37.0,2019-11-26 10:59:37,al2001,SHFE,13765.0,0,75016,205044.0,13805.0,13820.0,13745.0,13805.0,13835.0,14525.0,13140.0,5164345450.0,13765.0,1.7976931348623157e+308,1.7976931348623157e+308,1.7976931348623157e+308,1.7976931348623157e+308,13770.0,1.7976931348623157e+308,1.7976931348623157e+308,1.7976931348623157e+308,1.7976931348623157e+308,303,0,0,0,0,45,0,0,0,0
20191126,10:59:37.500,2019-11-26 10:59:37.500000,al2001,SHFE,13765.0,0,75016,205044.0,13805.0,13820.0,13745.0,13805.0,13835.0,14525.0,13140.0,5164345450.0,13765.0,1.7976931348623157e+308,1.7976931348623157e+308,1.7976931348623157e+308,1.7976931348623157e+308,13770.0,1.7976931348623157e+308,1.7976931348623157e+308,1.7976931348623157e+308,1.7976931348623157e+308,303,0,0,0,0,46,0,0,0,0
20191126,10:59:38.0,2019-11-26 10:59:38,al2001,SHFE,13765.0,0,75016,205044.0,13805.0,13820.0,13745.0,13805.0,13835.0,14525.0,13140.0,5164345450.0,13765.0,1.7976931348623157e+308,1.7976931348623157e+308,1.7976931348623157e+308,1.7976931348623157e+308,13770.0,1.7976931348623157e+308,1.7976931348623157e+308,1.7976931348623157e+308,1.7976931348623157e+308,302,0,0,0,0,46,0,0,0,0
20191126,10:59:38.500,2019-11-26 10:59:38.500000,al2001,SHFE,13765.0,0,75016,205044.0,13805.0,13820.0,13745.0,13805.0,13835.0,14525.0,13140.0,5164345450.0,13765.0,1.7976931348623157e+308,1.7976931348623157e+308,1.7976931348623157e+308,1.7976931348623157e+308,13770.0,1.7976931348623157e+308,1.7976931348623157e+308,1.7976931348623157e+308,1.7976931348623157e+308,302,0,0,0,0,45,0,0,0,0
20191126,10:59:39.0,2019-11-26 10:59:39,al2001,SHFE,13765.0,0,75020,205044.0,13805.0,13820.0,13745.0,13805.0,13835.0,14525.0,13140.0,5164620750.0,13765.0,1.7976931348623157e+308,1.7976931348623157e+308,1.7976931348623157e+308,1.7976931348623157e+308,13770.0,1.7976931348623157e+308,1.7976931348623157e+308,1.7976931348623157e+308,1.7976931348623157e+308,300,0,0,0,0,45,0,0,0,0
20191126,10:59:41.0,2019-11-26 10:59:41,al2001,SHFE,13765.0,0,75020,205044.0,13805.0,13820.0,13745.0,13805.0,13835.0,14525.0,13140.0,5164620750.0,13765.0,1.7976931348623157e+308,1.7976931348623157e+308,1.7976931348623157e+308,1.7976931348623157e+308,13770.0,1.7976931348623157e+308,1.7976931348623157e+308,1.7976931348623157e+308,1.7976931348623157e+308,298,0,0,0,0,45,0,0,0,0
20191126,10:59:41.500,2019-11-26 10:59:41.500000,al2001,SHFE,13765.0,0,75020,205044.0,13805.0,13820.0,13745.0,13805.0,13835.0,14525.0,13140.0,5164620750.0,13765.0,1.7976931348623157e+308,1.7976931348623157e+308,1.7976931348623157e+308,1.7976931348623157e+308,13770.0,1.7976931348623157e+308,1.7976931348623157e+308,1.7976931348623157e+308,1.7976931348623157e+308,300,0,0,0,0,45,0,0,0,0
20191126,10:59:44.0,2019-11-26 10:59:44,al2001,SHFE,13765.0,0,75020,205044.0,13805.0,13820.0,13745.0,13805.0,13835.0,14525.0,13140.0,5164620750.0,13765.0,1.7976931348623157e+308,1.7976931348623157e+308,1.7976931348623157e+308,1.7976931348623157e+308,13770.0,1.7976931348623157e+308,1.7976931348623157e+308,1.7976931348623157e+308,1.7976931348623157e+308,298,0,0,0,0,45,0,0,0,0
20191126,10:59:44.500,2019-11-26 10:59:44.500000,al2001,SHFE,13765.0,0,75020,205044.0,13805.0,13820.0,13745.0,13805.0,13835.0,14525.0,13140.0,5164620750.0,13765.0,1.7976931348623157e+308,1.7976931348623157e+308,1.7976931348623157e+308,1.7976931348623157e+308,13770.0,1.7976931348623157e+308,1.7976931348623157e+308,1.7976931348623157e+308,1.7976931348623157e+308,300,0,0,0,0,45,0,0,0,0
20191126,10:59:45.0,2019-11-26 10:59:45,al2001,SHFE,13765.0,0,75020,205044.0,13805.0,13820.0,13745.0,13805.0,13835.0,14525.0,13140.0,5164620750.0,13765.0,1.7976931348623157e+308,1.7976931348623157e+308,1.7976931348623157e+308,1.7976931348623157e+308,13770.0,1.7976931348623157e+308,1.7976931348623157e+308,1.7976931348623157e+308,1.7976931348623157e+308,298,0,0,0,0,50,0,0,0,0
20191126,10:59:45.500,2019-11-26 10:59:45.500000,al2001,SHFE,13765.0,0,75020,205044.0,13805.0,13820.0,13745.0,13805.0,13835.0,14525.0,13140.0,5164620750.0,13765.0,1.7976931348623157e+308,1.7976931348623157e+308,1.7976931348623157e+308,1.7976931348623157e+308,13770.0,1.7976931348623157e+308,1.7976931348623157e+308,1.7976931348623157e+308,1.7976931348623157e+308,301,0,0,0,0,50,0,0,0,0
20191126,10:59:46.0,2019-11-26 10:59:46,al2001,SHFE,13765.0,0,75020,205044.0,13805.0,13820.0,13745.0,13805.0,13835.0,14525.0,13140.0,5164620750.0,13765.0,1.7976931348623157e+308,1.7976931348623157e+308,1.7976931348623157e+308,1.7976931348623157e+308,13770.0,1.7976931348623157e+308,1.7976931348623157e+308,1.7976931348623157e+308,1.7976931348623157e+308,299,0,0,0,0,50,0,0,0,0
20191126,10:59:46.500,2019-11-26 10:59:46.500000,al2001,SHFE,13765.0,0,75020,205044.0,13805.0,13820.0,13745.0,13805.0,13835.0,14525.0,13140.0,5164620750.0,13765.0,1.7976931348623157e+308,1.7976931348623157e+308,1.7976931348623157e+308,1.7976931348623157e+308,13770.0,1.7976931348623157e+308,1.7976931348623157e+308,1.7976931348623157e+308,1.7976931348623157e+308,301,0,0,0,0,50,0,0,0,0
20191126,10:59:47.0,2019-11-26 10:59:47,al2001,SHFE,13765.0,0,75026,205044.0,13805.0,13820.0,13745.0,13805.0,13835.0,14525.0,13140.0,5165033700.0,13765.0,1.7976931348623157e+308,1.7976931348623157e+308,1.7976931348623157e+308,1.7976931348623157e+308,13770.0,1.7976931348623157e+308,1.7976931348623157e+308,1.7976931348623157e+308,1.7976931348623157e+308,296,0,0,0,0,50,0,0,0,0
20191126,10:59:47.500,2019-11-26 10:59:47.500000,al2001,SHFE,13765.0,0,75026,205044.0,13805.0,13820.0,13745.0,13805.0,13835.0,14525.0,13140.0,5165033700.0,13765.0,1.7976931348623157e+308,1.7976931348623157e+308,1.7976931348623157e+308,1.7976931348623157e+308,13770.0,1.7976931348623157e+308,1.7976931348623157e+308,1.7976931348623157e+308,1.7976931348623157e+308,298,0,0,0,0,47,0,0,0,0
20191126,10:59:49.0,2019-11-26 10:59:49,al2001,SHFE,13765.0,0,75028,205044.0,13805.0,13820.0,13745.0,13805.0,13835.0,14525.0,13140.0,5165171350.0,13765.0,1.7976931348623157e+308,1.7976931348623157e+308,1.7976931348623157e+308,1.7976931348623157e+308,13770.0,1.7976931348623157e+308,1.7976931348623157e+308,1.7976931348623157e+308,1.7976931348623157e+308,297,0,0,0,0,47,0,0,0,0
20191126,10:59:50.0,2019-11-26 10:59:50,al2001,SHFE,13765.0,0,75028,205044.0,13805.0,13820.0,13745.0,13805.0,13835.0,14525.0,13140.0,5165171350.0,13765.0,1.7976931348623157e+308,1.7976931348623157e+308,1.7976931348623157e+308,1.7976931348623157e+308,13770.0,1.7976931348623157e+308,1.7976931348623157e+308,1.7976931348623157e+308,1.7976931348623157e+308,297,0,0,0,0,47,0,0,0,0
20191126,10:59:50.500,2019-11-26 10:59:50.500000,al2001,SHFE,13770.000000000002,0,75032,205040.0,13805.0,13820.0,13745.0,13805.0,13835.0,14525.0,13140.0,5165446750.0,13765.0,1.7976931348623157e+308,1.7976931348623157e+308,1.7976931348623157e+308,1.7976931348623157e+308,13770.0,1.7976931348623157e+308,1.7976931348623157e+308,1.7976931348623157e+308,1.7976931348623157e+308,297,0,0,0,0,45,0,0,0,0
20191126,10:59:51.0,2019-11-26 10:59:51,al2001,SHFE,13770.000000000002,0,75032,205040.0,13805.0,13820.0,13745.0,13805.0,13835.0,14525.0,13140.0,5165446750.0,13765.0,1.7976931348623157e+308,1.7976931348623157e+308,1.7976931348623157e+308,1.7976931348623157e+308,13770.0,1.7976931348623157e+308,1.7976931348623157e+308,1.7976931348623157e+308,1.7976931348623157e+308,297,0,0,0,0,43,0,0,0,0
20191126,10:59:53.0,2019-11-26 10:59:53,al2001,SHFE,13770.000000000002,0,75032,205040.0,13805.0,13820.0,13745.0,13805.0,13835.0,14525.0,13140.0,5165446750.0,13765.0,1.7976931348623157e+308,1.7976931348623157e+308,1.7976931348623157e+308,1.7976931348623157e+308,13770.0,1.7976931348623157e+308,1.7976931348623157e+308,1.7976931348623157e+308,1.7976931348623157e+308,297,0,0,0,0,44,0,0,0,0
20191126,10:59:53.500,2019-11-26 10:59:53.500000,al2001,SHFE,13765.0,0,75034,205040.0,13805.0,13820.0,13745.0,13805.0,13835.0,14525.0,13140.0,5165584400.0,13765.0,1.7976931348623157e+308,1.7976931348623157e+308,1.7976931348623157e+308,1.7976931348623157e+308,13770.0,1.7976931348623157e+308,1.7976931348623157e+308,1.7976931348623157e+308,1.7976931348623157e+308,296,0,0,0,0,44,0,0,0,0
20191126,10:59:57.0,2019-11-26 10:59:57,al2001,SHFE,13765.0,0,75042,205040.0,13805.0,13820.0,13745.0,13805.0,13835.0,14525.0,13140.0,5166135000.0,13765.0,1.7976931348623157e+308,1.7976931348623157e+308,1.7976931348623157e+308,1.7976931348623157e+308,13770.0,1.7976931348623157e+308,1.7976931348623157e+308,1.7976931348623157e+308,1.7976931348623157e+308,292,0,0,0,0,44,0,0,0,0
20191126,10:59:57.500,2019-11-26 10:59:57.500000,al2001,SHFE,13765.0,0,75042,205040.0,13805.0,13820.0,13745.0,13805.0,13835.0,14525.0,13140.0,5166135000.0,13765.0,1.7976931348623157e+308,1.7976931348623157e+308,1.7976931348623157e+308,1.7976931348623157e+308,13770.0,1.7976931348623157e+308,1.7976931348623157e+308,1.7976931348623157e+308,1.7976931348623157e+308,291,0,0,0,0,48,0,0,0,0
20191126,10:59:59.0,2019-11-26 10:59:59,al2001,SHFE,13765.0,0,75046,205040.0,13805.0,13820.0,13745.0,13805.0,13835.0,14525.0,13140.0,5166410300.0,13765.0,1.7976931348623157e+308,1.7976931348623157e+308,1.7976931348623157e+308,1.7976931348623157e+308,13770.0,1.7976931348623157e+308,1.7976931348623157e+308,1.7976931348623157e+308,1.7976931348623157e+308,289,0,0,0,0,48,0,0,0,0
20191126,10:59:59.500,2019-11-26 10:59:59.500000,al2001,SHFE,13765.0,0,75046,205040.0,13805.0,13820.0,13745.0,13805.0,13835.0,14525.0,13140.0,5166410300.0,13765.0,1.7976931348623157e+308,1.7976931348623157e+308,1.7976931348623157e+308,1.7976931348623157e+308,13770.0,1.7976931348623157e+308,1.7976931348623157e+308,1.7976931348623157e+308,1.7976931348623157e+308,291,0,0,0,0,68,0,0,0,0
20191126,11:00:00.0,2019-11-26 11:00:00,al2001,SHFE,13765.0,0,75046,205040.0,13805.0,13820.0,13745.0,13805.0,13835.0,14525.0,13140.0,5166410300.0,13765.0,1.7976931348623157e+308,1.7976931348623157e+308,1.7976931348623157e+308,1.7976931348623157e+308,13770.0,1.7976931348623157e+308,1.7976931348623157e+308,1.7976931348623157e+308,1.7976931348623157e+308,291,0,0,0,0,75,0,0,0,0
20191126,11:00:00.500,2019-11-26 11:00:00.500000,al2001,SHFE,13765.0,0,75046,205040.0,13805.0,13820.0,13745.0,13805.0,13835.0,14525.0,13140.0,5166410300.0,13765.0,1.7976931348623157e+308,1.7976931348623157e+308,1.7976931348623157e+308,1.7976931348623157e+308,13770.0,1.7976931348623157e+308,1.7976931348623157e+308,1.7976931348623157e+308,1.7976931348623157e+308,292,0,0,0,0,76,0,0,0,0
20191126,11:00:02.500,2019-11-26 11:00:02.500000,al2001,SHFE,13765.0,0,75046,205040.0,13805.0,13820.0,13745.0,13805.0,13835.0,14525.0,13140.0,5166410300.0,13765.0,1.7976931348623157e+308,1.7976931348623157e+308,1.7976931348623157e+308,1.7976931348623157e+308,13770.0,1.7976931348623157e+308,1.7976931348623157e+308,1.7976931348623157e+308,1.7976931348623157e+308,292,0,0,0,0,82,0,0,0,0
20191126,11:00:03.0,2019-11-26 11:00:03,al2001,SHFE,13770.000000000002,0,75048,205040.0,13805.0,13820.0,13745.0,13805.0,13835.0,14525.0,13140.0,5166548000.0,13765.0,1.7976931348623157e+308,1.7976931348623157e+308,1.7976931348623157e+308,1.7976931348623157e+308,13770.0,1.7976931348623157e+308,1.7976931348623157e+308,1.7976931348623157e+308,1.7976931348623157e+308,292,0,0,0,0,81,0,0,0,0
20191126,11:00:03.500,2019-11-26 11:00:03.500000,al2001,SHFE,13765.0,0,75054,205040.0,13805.0,13820.0,13745.0,13805.0,13835.0,14525.0,13140.0,5166960950.0,13765.0,1.7976931348623157e+308,1.7976931348623157e+308,1.7976931348623157e+308,1.7976931348623157e+308,13770.0,1.7976931348623157e+308,1.7976931348623157e+308,1.7976931348623157e+308,1.7976931348623157e+308,289,0,0,0,0,78,0,0,0,0
20191126,11:00:05.0,2019-11-26 11:00:05,al2001,SHFE,13765.0,0,75054,205040.0,13805.0,13820.0,13745.0,13805.0,13835.0,14525.0,13140.0,5166960950.0,13765.0,1.7976931348623157e+308,1.7976931348623157e+308,1.7976931348623157e+308,1.7976931348623157e+308,13770.0,1.7976931348623157e+308,1.7976931348623157e+308,1.7976931348623157e+308,1.7976931348623157e+308,289,0,0,0,0,79,0,0,0,0
20191126,11:00:05.500,2019-11-26 11:00:05.500000,al2001,SHFE,13765.0,0,75056,205040.0,13805.0,13820.0,13745.0,13805.0,13835.0,14525.0,13140.0,5167098600.0,13765.0,1.7976931348623157e+308,1.7976931348623157e+308,1.7976931348623157e+308,1.7976931348623157e+308,13770.0,1.7976931348623157e+308,1.7976931348623157e+308,1.7976931348623157e+308,1.7976931348623157e+308,288,0,0,0,0,79,0,0,0,0
20191126,11:00:07.0,2019-11-26 11:00:07,al2001,SHFE,13765.0,0,75062,205040.0,13805.0,13820.0,13745.0,13805.0,13835.0,14525.0,13140.0,5167511550.0,13765.0,1.7976931348623157e+308,1.7976931348623157e+308,1.7976931348623157e+308,1.7976931348623157e+308,13770.0,1.7976931348623157e+308,1.7976931348623157e+308,1.7976931348623157e+308,1.7976931348623157e+308,285,0,0,0,0,81,0,0,0,0
20191126,11:00:07.500,2019-11-26 11:00:07.500000,al2001,SHFE,13765.0,0,75062,205040.0,13805.0,13820.0,13745.0,13805.0,13835.0,14525.0,13140.0,5167511550.0,13765.0,1.7976931348623157e+308,1.7976931348623157e+308,1.7976931348623157e+308,1.7976931348623157e+308,13770.0,1.7976931348623157e+308,1.7976931348623157e+308,1.7976931348623157e+308,1.7976931348623157e+308,285,0,0,0,0,88,0,0,0,0
20191126,11:00:09.0,2019-11-26 11:00:09,al2001,SHFE,13765.0,0,75064,205040.0,13805.0,13820.0,13745.0,13805.0,13835.0,14525.0,13140.0,5167649200.0,13765.0,1.7976931348623157e+308,1.7976931348623157e+308,1.7976931348623157e+308,1.7976931348623157e+308,13770.0,1.7976931348623157e+308,1.7976931348623157e+308,1.7976931348623157e+308,1.7976931348623157e+308,284,0,0,0,0,88,0,0,0,0
20191126,11:00:10.0,2019-11-26 11:00:10,al2001,SHFE,13770.000000000002,0,75084,205040.0,13805.0,13820.0,13745.0,13805.0,13835.0,14525.0,13140.0,5169026200.0,13765.0,1.7976931348623157e+308,1.7976931348623157e+308,1.7976931348623157e+308,1.7976931348623157e+308,13770.0,1.7976931348623157e+308,1.7976931348623157e+308,1.7976931348623157e+308,1.7976931348623157e+308,282,0,0,0,0,78,0,0,0,0
20191126,11:00:10.500,2019-11-26 11:00:10.500000,al2001,SHFE,13765.0,0,75086,205040.0,13805.0,13820.0,13745.0,13805.0,13835.0,14525.0,13140.0,5169163850.0,13765.0,1.7976931348623157e+308,1.7976931348623157e+308,1.7976931348623157e+308,1.7976931348623157e+308,13770.0,1.7976931348623157e+308,1.7976931348623157e+308,1.7976931348623157e+308,1.7976931348623157e+308,283,0,0,0,0,78,0,0,0,0
20191126,11:00:12.0,2019-11-26 11:00:12,al2001,SHFE,13765.0,0,75086,205040.0,13805.0,13820.0,13745.0,13805.0,13835.0,14525.0,13140.0,5169163850.0,13765.0,1.7976931348623157e+308,1.7976931348623157e+308,1.7976931348623157e+308,1.7976931348623157e+308,13770.0,1.7976931348623157e+308,1.7976931348623157e+308,1.7976931348623157e+308,1.7976931348623157e+308,281,0,0,0,0,78,0,0,0,0
20191126,11:00:12.500,2019-11-26 11:00:12.500000,al2001,SHFE,13765.0,0,75086,205040.0,13805.0,13820.0,13745.0,13805.0,13835.0,14525.0,13140.0,5169163850.0,13765.0,1.7976931348623157e+308,1.7976931348623157e+308,1.7976931348623157e+308,1.7976931348623157e+308,13770.0,1.7976931348623157e+308,1.7976931348623157e+308,1.7976931348623157e+308,1.7976931348623157e+308,283,0,0,0,0,78,0,0,0,0
20191126,11:00:13.500,2019-11-26 11:00:13.500000,al2001,SHFE,13765.0,0,75086,205040.0,13805.0,13820.0,13745.0,13805.0,13835.0,14525.0,13140.0,5169163850.0,13765.0,1.7976931348623157e+308,1.7976931348623157e+308,1.7976931348623157e+308,1.7976931348623157e+308,13770.0,1.7976931348623157e+308,1.7976931348623157e+308,1.7976931348623157e+308,1.7976931348623157e+308,281,0,0,0,0,78,0,0,0,0
20191126,11:00:14.0,2019-11-26 11:00:14,al2001,SHFE,13770.000000000002,0,75090,205036.0,13805.0,13820.0,13745.0,13805.0,13835.0,14525.0,13140.0,5169439250.0,13765.0,1.7976931348623157e+308,1.7976931348623157e+308,1.7976931348623157e+308,1.7976931348623157e+308,13770.0,1.7976931348623157e+308,1.7976931348623157e+308,1.7976931348623157e+308,1.7976931348623157e+308,283,0,0,0,0,76,0,0,0,0
20191126,11:00:14.500,2019-11-26 11:00:14.500000,al2001,SHFE,13770.000000000002,0,75090,205036.0,13805.0,13820.0,13745.0,13805.0,13835.0,14525.0,13140.0,5169439250.0,13765.0,1.7976931348623157e+308,1.7976931348623157e+308,1.7976931348623157e+308,1.7976931348623157e+308,13770.0,1.7976931348623157e+308,1.7976931348623157e+308,1.7976931348623157e+308,1.7976931348623157e+308,283,0,0,0,0,70,0,0,0,0
20191126,11:00:15.0,2019-11-26 11:00:15,al2001,SHFE,13770.000000000002,0,75090,205036.0,13805.0,13820.0,13745.0,13805.0,13835.0,14525.0,13140.0,5169439250.0,13765.0,1.7976931348623157e+308,1.7976931348623157e+308,1.7976931348623157e+308,1.7976931348623157e+308,13770.0,1.7976931348623157e+308,1.7976931348623157e+308,1.7976931348623157e+308,1.7976931348623157e+308,283,0,0,0,0,68,0,0,0,0
20191126,11:00:15.500,2019-11-26 11:00:15.500000,al2001,SHFE,13770.000000000002,0,75090,205036.0,13805.0,13820.0,13745.0,13805.0,13835.0,14525.0,13140.0,5169439250.0,13765.0,1.7976931348623157e+308,1.7976931348623157e+308,1.7976931348623157e+308,1.7976931348623157e+308,13770.0,1.7976931348623157e+308,1.7976931348623157e+308,1.7976931348623157e+308,1.7976931348623157e+308,281,0,0,0,0,68,0,0,0,0
20191126,11:00:16.0,2019-11-26 11:00:16,al2001,SHFE,13770.000000000002,0,75090,205036.0,13805.0,13820.0,13745.0,13805.0,13835.0,14525.0,13140.0,5169439250.0,13765.0,1.7976931348623157e+308,1.7976931348623157e+308,1.7976931348623157e+308,1.7976931348623157e+308,13770.0,1.7976931348623157e+308,1.7976931348623157e+308,1.7976931348623157e+308,1.7976931348623157e+308,283,0,0,0,0,68,0,0,0,0
20191126,11:00:17.0,2019-11-26 11:00:17,al2001,SHFE,13765.0,0,75098,205036.0,13805.0,13820.0,13745.0,13805.0,13835.0,14525.0,13140.0,5169989850.0,13765.0,1.7976931348623157e+308,1.7976931348623157e+308,1.7976931348623157e+308,1.7976931348623157e+308,13770.0,1.7976931348623157e+308,1.7976931348623157e+308,1.7976931348623157e+308,1.7976931348623157e+308,277,0,0,0,0,68,0,0,0,0
20191126,11:00:17.500,2019-11-26 11:00:17.500000,al2001,SHFE,13765.0,0,75100,205036.0,13805.0,13820.0,13745.0,13805.0,13835.0,14525.0,13140.0,5170127500.0,13765.0,1.7976931348623157e+308,1.7976931348623157e+308,1.7976931348623157e+308,1.7976931348623157e+308,13770.0,1.7976931348623157e+308,1.7976931348623157e+308,1.7976931348623157e+308,1.7976931348623157e+308,278,0,0,0,0,74,0,0,0,0
20191126,11:00:18.0,2019-11-26 11:00:18,al2001,SHFE,13765.0,0,75100,205036.0,13805.0,13820.0,13745.0,13805.0,13835.0,14525.0,13140.0,5170127500.0,13765.0,1.7976931348623157e+308,1.7976931348623157e+308,1.7976931348623157e+308,1.7976931348623157e+308,13770.0,1.7976931348623157e+308,1.7976931348623157e+308,1.7976931348623157e+308,1.7976931348623157e+308,276,0,0,0,0,74,0,0,0,0
20191126,11:00:18.500,2019-11-26 11:00:18.500000,al2001,SHFE,13765.0,0,75100,205036.0,13805.0,13820.0,13745.0,13805.0,13835.0,14525.0,13140.0,5170127500.0,13765.0,1.7976931348623157e+308,1.7976931348623157e+308,1.7976931348623157e+308,1.7976931348623157e+308,13770.0,1.7976931348623157e+308,1.7976931348623157e+308,1.7976931348623157e+308,1.7976931348623157e+308,278,0,0,0,0,74,0,0,0,0
20191126,11:00:19.0,2019-11-26 11:00:19,al2001,SHFE,13765.0,0,75104,205036.0,13805.0,13820.0,13745.0,13805.0,13835.0,14525.0,13140.0,5170402800.0,13765.0,1.7976931348623157e+308,1.7976931348623157e+308,1.7976931348623157e+308,1.7976931348623157e+308,13770.0,1.7976931348623157e+308,1.7976931348623157e+308,1.7976931348623157e+308,1.7976931348623157e+308,274,0,0,0,0,74,0,0,0,0
20191126,11:00:19.500,2019-11-26 11:00:19.500000,al2001,SHFE,13765.0,0,75104,205036.0,13805.0,13820.0,13745.0,13805.0,13835.0,14525.0,13140.0,5170402800.0,13765.0,1.7976931348623157e+308,1.7976931348623157e+308,1.7976931348623157e+308,1.7976931348623157e+308,13770.0,1.7976931348623157e+308,1.7976931348623157e+308,1.7976931348623157e+308,1.7976931348623157e+308,276,0,0,0,0,74,0,0,0,0
20191126,11:00:20.0,2019-11-26 11:00:20,al2001,SHFE,13765.0,0,75104,205036.0,13805.0,13820.0,13745.0,13805.0,13835.0,14525.0,13140.0,5170402800.0,13765.0,1.7976931348623157e+308,1.7976931348623157e+308,1.7976931348623157e+308,1.7976931348623157e+308,13770.0,1.7976931348623157e+308,1.7976931348623157e+308,1.7976931348623157e+308,1.7976931348623157e+308,274,0,0,0,0,74,0,0,0,0
20191126,11:00:20.500,2019-11-26 11:00:20.500000,al2001,SHFE,13765.0,0,75104,205036.0,13805.0,13820.0,13745.0,13805.0,13835.0,14525.0,13140.0,5170402800.0,13765.0,1.7976931348623157e+308,1.7976931348623157e+308,1.7976931348623157e+308,1.7976931348623157e+308,13770.0,1.7976931348623157e+308,1.7976931348623157e+308,1.7976931348623157e+308,1.7976931348623157e+308,276,0,0,0,0,74,0,0,0,0
20191126,11:00:21.0,2019-11-26 11:00:21,al2001,SHFE,13765.0,0,75104,205036.0,13805.0,13820.0,13745.0,13805.0,13835.0,14525.0,13140.0,5170402800.0,13765.0,1.7976931348623157e+308,1.7976931348623157e+308,1.7976931348623157e+308,1.7976931348623157e+308,13770.0,1.7976931348623157e+308,1.7976931348623157e+308,1.7976931348623157e+308,1.7976931348623157e+308,274,0,0,0,0,74,0,0,0,0
20191126,11:00:21.500,2019-11-26 11:00:21.500000,al2001,SHFE,13765.0,0,75104,205036.0,13805.0,13820.0,13745.0,13805.0,13835.0,14525.0,13140.0,5170402800.0,13765.0,1.7976931348623157e+308,1.7976931348623157e+308,1.7976931348623157e+308,1.7976931348623157e+308,13770.0,1.7976931348623157e+308,1.7976931348623157e+308,1.7976931348623157e+308,1.7976931348623157e+308,276,0,0,0,0,74,0,0,0,0
20191126,11:00:22.0,2019-11-26 11:00:22,al2001,SHFE,13765.0,0,75104,205036.0,13805.0,13820.0,13745.0,13805.0,13835.0,14525.0,13140.0,5170402800.0,13765.0,1.7976931348623157e+308,1.7976931348623157e+308,1.7976931348623157e+308,1.7976931348623157e+308,13770.0,1.7976931348623157e+308,1.7976931348623157e+308,1.7976931348623157e+308,1.7976931348623157e+308,274,0,0,0,0,74,0,0,0,0
20191126,11:00:22.500,2019-11-26 11:00:22.500000,al2001,SHFE,13765.0,0,75104,205036.0,13805.0,13820.0,13745.0,13805.0,13835.0,14525.0,13140.0,5170402800.0,13765.0,1.7976931348623157e+308,1.7976931348623157e+308,1.7976931348623157e+308,1.7976931348623157e+308,13770.0,1.7976931348623157e+308,1.7976931348623157e+308,1.7976931348623157e+308,1.7976931348623157e+308,276,0,0,0,0,74,0,0,0,0
20191126,11:00:23.0,2019-11-26 11:00:23,al2001,SHFE,13765.0,0,75104,205036.0,13805.0,13820.0,13745.0,13805.0,13835.0,14525.0,13140.0,5170402800.0,13765.0,1.7976931348623157e+308,1.7976931348623157e+308,1.7976931348623157e+308,1.7976931348623157e+308,13770.0,1.7976931348623157e+308,1.7976931348623157e+308,1.7976931348623157e+308,1.7976931348623157e+308,274,0,0,0,0,82,0,0,0,0
20191126,11:00:23.500,2019-11-26 11:00:23.500000,al2001,SHFE,13765.0,0,75104,205036.0,13805.0,13820.0,13745.0,13805.0,13835.0,14525.0,13140.0,5170402800.0,13765.0,1.7976931348623157e+308,1.7976931348623157e+308,1.7976931348623157e+308,1.7976931348623157e+308,13770.0,1.7976931348623157e+308,1.7976931348623157e+308,1.7976931348623157e+308,1.7976931348623157e+308,276,0,0,0,0,95,0,0,0,0
20191126,11:00:24.0,2019-11-26 11:00:24,al2001,SHFE,13765.0,0,75104,205036.0,13805.0,13820.0,13745.0,13805.0,13835.0,14525.0,13140.0,5170402800.0,13765.0,1.7976931348623157e+308,1.7976931348623157e+308,1.7976931348623157e+308,1.7976931348623157e+308,13770.0,1.7976931348623157e+308,1.7976931348623157e+308,1.7976931348623157e+308,1.7976931348623157e+308,274,0,0,0,0,96,0,0,0,0
20191126,11:00:25.500,2019-11-26 11:00:25.500000,al2001,SHFE,13765.0,0,75104,205036.0,13805.0,13820.0,13745.0,13805.0,13835.0,14525.0,13140.0,5170402800.0,13765.0,1.7976931348623157e+308,1.7976931348623157e+308,1.7976931348623157e+308,1.7976931348623157e+308,13770.0,1.7976931348623157e+308,1.7976931348623157e+308,1.7976931348623157e+308,1.7976931348623157e+308,276,0,0,0,0,96,0,0,0,0
20191126,11:00:27.0,2019-11-26 11:00:27,al2001,SHFE,13765.0,0,75110,205036.0,13805.0,13820.0,13745.0,13805.0,13835.0,14525.0,13140.0,5170815750.0,13765.0,1.7976931348623157e+308,1.7976931348623157e+308,1.7976931348623157e+308,1.7976931348623157e+308,13770.0,1.7976931348623157e+308,1.7976931348623157e+308,1.7976931348623157e+308,1.7976931348623157e+308,273,0,0,0,0,96,0,0,0,0
20191126,11:00:29.0,2019-11-26 11:00:29,al2001,SHFE,13765.0,0,75112,205036.0,13805.0,13820.0,13745.0,13805.0,13835.0,14525.0,13140.0,5170953400.0,13765.0,1.7976931348623157e+308,1.7976931348623157e+308,1.7976931348623157e+308,1.7976931348623157e+308,13770.0,1.7976931348623157e+308,1.7976931348623157e+308,1.7976931348623157e+308,1.7976931348623157e+308,272,0,0,0,0,96,0,0,0,0
20191126,11:00:29.500,2019-11-26 11:00:29.500000,al2001,SHFE,13765.0,0,75112,205036.0,13805.0,13820.0,13745.0,13805.0,13835.0,14525.0,13140.0,5170953400.0,13765.0,1.7976931348623157e+308,1.7976931348623157e+308,1.7976931348623157e+308,1.7976931348623157e+308,13770.0,1.7976931348623157e+308,1.7976931348623157e+308,1.7976931348623157e+308,1.7976931348623157e+308,273,0,0,0,0,96,0,0,0,0
20191126,11:00:30.0,2019-11-26 11:00:30,al2001,SHFE,13765.0,0,75112,205036.0,13805.0,13820.0,13745.0,13805.0,13835.0,14525.0,13140.0,5170953400.0,13765.0,1.7976931348623157e+308,1.7976931348623157e+308,1.7976931348623157e+308,1.7976931348623157e+308,13770.0,1.7976931348623157e+308,1.7976931348623157e+308,1.7976931348623157e+308,1.7976931348623157e+308,273,0,0,0,0,100,0,0,0,0
20191126,11:00:32.0,2019-11-26 11:00:32,al2001,SHFE,13765.0,0,75112,205036.0,13805.0,13820.0,13745.0,13805.0,13835.0,14525.0,13140.0,5170953400.0,13765.0,1.7976931348623157e+308,1.7976931348623157e+308,1.7976931348623157e+308,1.7976931348623157e+308,13770.0,1.7976931348623157e+308,1.7976931348623157e+308,1.7976931348623157e+308,1.7976931348623157e+308,273,0,0,0,0,101,0,0,0,0
20191126,11:00:33.500,2019-11-26 11:00:33.500000,al2001,SHFE,13765.0,0,75112,205036.0,13805.0,13820.0,13745.0,13805.0,13835.0,14525.0,13140.0,5170953400.0,13765.0,1.7976931348623157e+308,1.7976931348623157e+308,1.7976931348623157e+308,1.7976931348623157e+308,13770.0,1.7976931348623157e+308,1.7976931348623157e+308,1.7976931348623157e+308,1.7976931348623157e+308,285,0,0,0,0,101,0,0,0,0
20191126,11:00:37.0,2019-11-26 11:00:37,al2001,SHFE,13765.0,0,75120,205036.0,13805.0,13820.0,13745.0,13805.0,13835.0,14525.0,13140.0,5171504000.0,13765.0,1.7976931348623157e+308,1.7976931348623157e+308,1.7976931348623157e+308,1.7976931348623157e+308,13770.0,1.7976931348623157e+308,1.7976931348623157e+308,1.7976931348623157e+308,1.7976931348623157e+308,281,0,0,0,0,101,0,0,0,0
20191126,11:00:37.500,2019-11-26 11:00:37.500000,al2001,SHFE,13765.0,0,75122,205036.0,13805.0,13820.0,13745.0,13805.0,13835.0,14525.0,13140.0,5171641650.0,13765.0,1.7976931348623157e+308,1.7976931348623157e+308,1.7976931348623157e+308,1.7976931348623157e+308,13770.0,1.7976931348623157e+308,1.7976931348623157e+308,1.7976931348623157e+308,1.7976931348623157e+308,280,0,0,0,0,107,0,0,0,0
20191126,11:00:39.0,2019-11-26 11:00:39,al2001,SHFE,13765.0,0,75126,205036.0,13805.0,13820.0,13745.0,13805.0,13835.0,14525.0,13140.0,5171916950.0,13765.0,1.7976931348623157e+308,1.7976931348623157e+308,1.7976931348623157e+308,1.7976931348623157e+308,13770.0,1.7976931348623157e+308,1.7976931348623157e+308,1.7976931348623157e+308,1.7976931348623157e+308,278,0,0,0,0,107,0,0,0,0
20191126,11:00:39.500,2019-11-26 11:00:39.500000,al2001,SHFE,13765.0,0,75126,205036.0,13805.0,13820.0,13745.0,13805.0,13835.0,14525.0,13140.0,5171916950.0,13765.0,1.7976931348623157e+308,1.7976931348623157e+308,1.7976931348623157e+308,1.7976931348623157e+308,13770.0,1.7976931348623157e+308,1.7976931348623157e+308,1.7976931348623157e+308,1.7976931348623157e+308,278,0,0,0,0,116,0,0,0,0
20191126,11:00:42.0,2019-11-26 11:00:42,al2001,SHFE,13765.0,0,75126,205036.0,13805.0,13820.0,13745.0,13805.0,13835.0,14525.0,13140.0,5171916950.0,13765.0,1.7976931348623157e+308,1.7976931348623157e+308,1.7976931348623157e+308,1.7976931348623157e+308,13770.0,1.7976931348623157e+308,1.7976931348623157e+308,1.7976931348623157e+308,1.7976931348623157e+308,278,0,0,0,0,115,0,0,0,0
20191126,11:00:43.0,2019-11-26 11:00:43,al2001,SHFE,13765.0,0,75126,205036.0,13805.0,13820.0,13745.0,13805.0,13835.0,14525.0,13140.0,5171916950.0,13765.0,1.7976931348623157e+308,1.7976931348623157e+308,1.7976931348623157e+308,1.7976931348623157e+308,13770.0,1.7976931348623157e+308,1.7976931348623157e+308,1.7976931348623157e+308,1.7976931348623157e+308,278,0,0,0,0,115,0,0,0,0
20191126,11:00:45.500,2019-11-26 11:00:45.500000,al2001,SHFE,13765.0,0,75126,205036.0,13805.0,13820.0,13745.0,13805.0,13835.0,14525.0,13140.0,5171916950.0,13765.0,1.7976931348623157e+308,1.7976931348623157e+308,1.7976931348623157e+308,1.7976931348623157e+308,13770.0,1.7976931348623157e+308,1.7976931348623157e+308,1.7976931348623157e+308,1.7976931348623157e+308,278,0,0,0,0,117,0,0,0,0
20191126,11:00:46.0,2019-11-26 11:00:46,al2001,SHFE,13765.0,0,75126,205036.0,13805.0,13820.0,13745.0,13805.0,13835.0,14525.0,13140.0,5171916950.0,13765.0,1.7976931348623157e+308,1.7976931348623157e+308,1.7976931348623157e+308,1.7976931348623157e+308,13770.0,1.7976931348623157e+308,1.7976931348623157e+308,1.7976931348623157e+308,1.7976931348623157e+308,280,0,0,0,0,117,0,0,0,0
20191126,11:00:47.0,2019-11-26 11:00:47,al2001,SHFE,13765.0,0,75132,205036.0,13805.0,13820.0,13745.0,13805.0,13835.0,14525.0,13140.0,5172329900.0,13765.0,1.7976931348623157e+308,1.7976931348623157e+308,1.7976931348623157e+308,1.7976931348623157e+308,13770.0,1.7976931348623157e+308,1.7976931348623157e+308,1.7976931348623157e+308,1.7976931348623157e+308,277,0,0,0,0,117,0,0,0,0
20191126,11:00:49.0,2019-11-26 11:00:49,al2001,SHFE,13765.0,0,75134,205036.0,13805.0,13820.0,13745.0,13805.0,13835.0,14525.0,13140.0,5172467550.0,13765.0,1.7976931348623157e+308,1.7976931348623157e+308,1.7976931348623157e+308,1.7976931348623157e+308,13770.0,1.7976931348623157e+308,1.7976931348623157e+308,1.7976931348623157e+308,1.7976931348623157e+308,276,0,0,0,0,117,0,0,0,0
20191126,11:00:49.500,2019-11-26 11:00:49.500000,al2001,SHFE,13765.0,0,75134,205036.0,13805.0,13820.0,13745.0,13805.0,13835.0,14525.0,13140.0,5172467550.0,13765.0,1.7976931348623157e+308,1.7976931348623157e+308,1.7976931348623157e+308,1.7976931348623157e+308,13770.0,1.7976931348623157e+308,1.7976931348623157e+308,1.7976931348623157e+308,1.7976931348623157e+308,276,0,0,0,0,117,0,0,0,0
20191126,11:00:50.500,2019-11-26 11:00:50.500000,al2001,SHFE,13770.0,0,75138,205036.0,13805.0,13820.0,13745.0,13805.0,13835.0,14525.0,13140.0,5172742950.0,13765.0,1.7976931348623157e+308,1.7976931348623157e+308,1.7976931348623157e+308,1.7976931348623157e+308,13770.0,1.7976931348623157e+308,1.7976931348623157e+308,1.7976931348623157e+308,1.7976931348623157e+308,274,0,0,0,0,115,0,0,0,0
20191126,11:00:57.0,2019-11-26 11:00:57,al2001,SHFE,13765.0,0,75146,205036.0,13805.0,13820.0,13745.0,13805.0,13835.0,14525.0,13140.0,5173293550.0,13765.0,1.7976931348623157e+308,1.7976931348623157e+308,1.7976931348623157e+308,1.7976931348623157e+308,13770.0,1.7976931348623157e+308,1.7976931348623157e+308,1.7976931348623157e+308,1.7976931348623157e+308,270,0,0,0,0,115,0,0,0,0
20191126,11:00:59.0,2019-11-26 11:00:59,al2001,SHFE,13765.0,0,75150,205036.0,13805.0,13820.0,13745.0,13805.0,13835.0,14525.0,13140.0,5173568850.0,13765.0,1.7976931348623157e+308,1.7976931348623157e+308,1.7976931348623157e+308,1.7976931348623157e+308,13770.0,1.7976931348623157e+308,1.7976931348623157e+308,1.7976931348623157e+308,1.7976931348623157e+308,268,0,0,0,0,115,0,0,0,0
20191126,11:01:07.0,2019-11-26 11:01:07,al2001,SHFE,13765.0,0,75156,205036.0,13805.0,13820.0,13745.0,13805.0,13835.0,14525.0,13140.0,5173981800.0,13765.0,1.7976931348623157e+308,1.7976931348623157e+308,1.7976931348623157e+308,1.7976931348623157e+308,13770.0,1.7976931348623157e+308,1.7976931348623157e+308,1.7976931348623157e+308,1.7976931348623157e+308,264,0,0,0,0,115,0,0,0,0
20191126,11:01:07.500,2019-11-26 11:01:07.500000,al2001,SHFE,13765.0,0,75156,205036.0,13805.0,13820.0,13745.0,13805.0,13835.0,14525.0,13140.0,5173981800.0,13765.0,1.7976931348623157e+308,1.7976931348623157e+308,1.7976931348623157e+308,1.7976931348623157e+308,13770.0,1.7976931348623157e+308,1.7976931348623157e+308,1.7976931348623157e+308,1.7976931348623157e+308,265,0,0,0,0,115,0,0,0,0
20191126,11:01:09.0,2019-11-26 11:01:09,al2001,SHFE,13765.0,0,75158,205036.0,13805.0,13820.0,13745.0,13805.0,13835.0,14525.0,13140.0,5174119450.0,13765.0,1.7976931348623157e+308,1.7976931348623157e+308,1.7976931348623157e+308,1.7976931348623157e+308,13770.0,1.7976931348623157e+308,1.7976931348623157e+308,1.7976931348623157e+308,1.7976931348623157e+308,264,0,0,0,0,115,0,0,0,0
20191126,11:01:14.500,2019-11-26 11:01:14.500000,al2001,SHFE,13765.0,0,75158,205036.0,13805.0,13820.0,13745.0,13805.0,13835.0,14525.0,13140.0,5174119450.0,13765.0,1.7976931348623157e+308,1.7976931348623157e+308,1.7976931348623157e+308,1.7976931348623157e+308,13770.0,1.7976931348623157e+308,1.7976931348623157e+308,1.7976931348623157e+308,1.7976931348623157e+308,266,0,0,0,0,115,0,0,0,0
20191126,11:01:17.0,2019-11-26 11:01:17,al2001,SHFE,13765.0,0,75166,205036.0,13805.0,13820.0,13745.0,13805.0,13835.0,14525.0,13140.0,5174670050.0,13765.0,1.7976931348623157e+308,1.7976931348623157e+308,1.7976931348623157e+308,1.7976931348623157e+308,13770.0,1.7976931348623157e+308,1.7976931348623157e+308,1.7976931348623157e+308,1.7976931348623157e+308,262,0,0,0,0,115,0,0,0,0
20191126,11:01:23.0,2019-11-26 11:01:23,al2001,SHFE,13765.0,0,75166,205036.0,13805.0,13820.0,13745.0,13805.0,13835.0,14525.0,13140.0,5174670050.0,13765.0,1.7976931348623157e+308,1.7976931348623157e+308,1.7976931348623157e+308,1.7976931348623157e+308,13770.0,1.7976931348623157e+308,1.7976931348623157e+308,1.7976931348623157e+308,1.7976931348623157e+308,264,0,0,0,0,115,0,0,0,0
20191126,11:01:23.500,2019-11-26 11:01:23.500000,al2001,SHFE,13765.0,0,75166,205036.0,13805.0,13820.0,13745.0,13805.0,13835.0,14525.0,13140.0,5174670050.0,13765.0,1.7976931348623157e+308,1.7976931348623157e+308,1.7976931348623157e+308,1.7976931348623157e+308,13770.0,1.7976931348623157e+308,1.7976931348623157e+308,1.7976931348623157e+308,1.7976931348623157e+308,262,0,0,0,0,115,0,0,0,0
20191126,11:01:27.0,2019-11-26 11:01:27,al2001,SHFE,13765.0,0,75172,205036.0,13805.0,13820.0,13745.0,13805.0,13835.0,14525.0,13140.0,5175083000.0,13765.0,1.7976931348623157e+308,1.7976931348623157e+308,1.7976931348623157e+308,1.7976931348623157e+308,13770.0,1.7976931348623157e+308,1.7976931348623157e+308,1.7976931348623157e+308,1.7976931348623157e+308,259,0,0,0,0,115,0,0,0,0
20191126,11:01:29.500,2019-11-26 11:01:29.500000,al2001,SHFE,13770.0,0,75174,205036.0,13805.0,13820.0,13745.0,13805.0,13835.0,14525.0,13140.0,5175220700.0,13765.0,1.7976931348623157e+308,1.7976931348623157e+308,1.7976931348623157e+308,1.7976931348623157e+308,13770.0,1.7976931348623157e+308,1.7976931348623157e+308,1.7976931348623157e+308,1.7976931348623157e+308,258,0,0,0,0,114,0,0,0,0
20191126,11:01:37.0,2019-11-26 11:01:37,al2001,SHFE,13765.0,0,75182,205036.0,13805.0,13820.0,13745.0,13805.0,13835.0,14525.0,13140.0,5175771300.0,13765.0,1.7976931348623157e+308,1.7976931348623157e+308,1.7976931348623157e+308,1.7976931348623157e+308,13770.0,1.7976931348623157e+308,1.7976931348623157e+308,1.7976931348623157e+308,1.7976931348623157e+308,254,0,0,0,0,114,0,0,0,0
20191126,11:01:37.500,2019-11-26 11:01:37.500000,al2001,SHFE,13765.0,0,75182,205036.0,13805.0,13820.0,13745.0,13805.0,13835.0,14525.0,13140.0,5175771300.0,13765.0,1.7976931348623157e+308,1.7976931348623157e+308,1.7976931348623157e+308,1.7976931348623157e+308,13770.0,1.7976931348623157e+308,1.7976931348623157e+308,1.7976931348623157e+308,1.7976931348623157e+308,253,0,0,0,0,108,0,0,0,0
20191126,11:01:46.0,2019-11-26 11:01:46,al2001,SHFE,13765.0,0,75182,205036.0,13805.0,13820.0,13745.0,13805.0,13835.0,14525.0,13140.0,5175771300.0,13765.0,1.7976931348623157e+308,1.7976931348623157e+308,1.7976931348623157e+308,1.7976931348623157e+308,13770.0,1.7976931348623157e+308,1.7976931348623157e+308,1.7976931348623157e+308,1.7976931348623157e+308,253,0,0,0,0,109,0,0,0,0
20191126,11:01:46.500,2019-11-26 11:01:46.500000,al2001,SHFE,13765.0,0,75182,205036.0,13805.0,13820.0,13745.0,13805.0,13835.0,14525.0,13140.0,5175771300.0,13765.0,1.7976931348623157e+308,1.7976931348623157e+308,1.7976931348623157e+308,1.7976931348623157e+308,13770.0,1.7976931348623157e+308,1.7976931348623157e+308,1.7976931348623157e+308,1.7976931348623157e+308,253,0,0,0,0,110,0,0,0,0
20191126,11:01:47.0,2019-11-26 11:01:47,al2001,SHFE,13765.0,0,75188,205038.0,13805.0,13820.0,13745.0,13805.0,13835.0,14525.0,13140.0,5176184250.0,13765.0,1.7976931348623157e+308,1.7976931348623157e+308,1.7976931348623157e+308,1.7976931348623157e+308,13770.0,1.7976931348623157e+308,1.7976931348623157e+308,1.7976931348623157e+308,1.7976931348623157e+308,250,0,0,0,0,110,0,0,0,0
20191126,11:01:48.500,2019-11-26 11:01:48.500000,al2001,SHFE,13765.0,0,75188,205038.0,13805.0,13820.0,13745.0,13805.0,13835.0,14525.0,13140.0,5176184250.0,13765.0,1.7976931348623157e+308,1.7976931348623157e+308,1.7976931348623157e+308,1.7976931348623157e+308,13770.0,1.7976931348623157e+308,1.7976931348623157e+308,1.7976931348623157e+308,1.7976931348623157e+308,248,0,0,0,0,110,0,0,0,0
20191126,11:01:57.0,2019-11-26 11:01:57,al2001,SHFE,13765.0,0,75196,205046.0,13805.0,13820.0,13745.0,13805.0,13835.0,14525.0,13140.0,5176734850.0,13765.0,1.7976931348623157e+308,1.7976931348623157e+308,1.7976931348623157e+308,1.7976931348623157e+308,13770.0,1.7976931348623157e+308,1.7976931348623157e+308,1.7976931348623157e+308,1.7976931348623157e+308,244,0,0,0,0,110,0,0,0,0
20191126,11:01:57.500,2019-11-26 11:01:57.500000,al2001,SHFE,13765.0,0,75196,205046.0,13805.0,13820.0,13745.0,13805.0,13835.0,14525.0,13140.0,5176734850.0,13765.0,1.7976931348623157e+308,1.7976931348623157e+308,1.7976931348623157e+308,1.7976931348623157e+308,13770.0,1.7976931348623157e+308,1.7976931348623157e+308,1.7976931348623157e+308,1.7976931348623157e+308,245,0,0,0,0,110,0,0,0,0
20191126,11:02:00.500,2019-11-26 11:02:00.500000,al2001,SHFE,13770.0,0,75198,205044.0,13805.0,13820.0,13745.0,13805.0,13835.0,14525.0,13140.0,5176872550.0,13765.0,1.7976931348623157e+308,1.7976931348623157e+308,1.7976931348623157e+308,1.7976931348623157e+308,13770.0,1.7976931348623157e+308,1.7976931348623157e+308,1.7976931348623157e+308,1.7976931348623157e+308,245,0,0,0,0,109,0,0,0,0
20191126,11:02:07.0,2019-11-26 11:02:07,al2001,SHFE,13765.0,0,75204,205046.0,13805.0,13820.0,13745.0,13805.0,13835.0,14525.0,13140.0,5177285500.0,13765.0,1.7976931348623157e+308,1.7976931348623157e+308,1.7976931348623157e+308,1.7976931348623157e+308,13770.0,1.7976931348623157e+308,1.7976931348623157e+308,1.7976931348623157e+308,1.7976931348623157e+308,242,0,0,0,0,109,0,0,0,0
20191126,11:02:07.500,2019-11-26 11:02:07.500000,al2001,SHFE,13765.0,0,75204,205046.0,13805.0,13820.0,13745.0,13805.0,13835.0,14525.0,13140.0,5177285500.0,13765.0,1.7976931348623157e+308,1.7976931348623157e+308,1.7976931348623157e+308,1.7976931348623157e+308,13770.0,1.7976931348623157e+308,1.7976931348623157e+308,1.7976931348623157e+308,1.7976931348623157e+308,243,0,0,0,0,109,0,0,0,0
20191126,11:02:08.0,2019-11-26 11:02:08,al2001,SHFE,13765.0,0,75204,205046.0,13805.0,13820.0,13745.0,13805.0,13835.0,14525.0,13140.0,5177285500.0,13765.0,1.7976931348623157e+308,1.7976931348623157e+308,1.7976931348623157e+308,1.7976931348623157e+308,13770.0,1.7976931348623157e+308,1.7976931348623157e+308,1.7976931348623157e+308,1.7976931348623157e+308,249,0,0,0,0,109,0,0,0,0
20191126,11:02:13.500,2019-11-26 11:02:13.500000,al2001,SHFE,13770.0,0,75206,205044.0,13805.0,13820.0,13745.0,13805.0,13835.0,14525.0,13140.0,5177423200.0,13765.0,1.7976931348623157e+308,1.7976931348623157e+308,1.7976931348623157e+308,1.7976931348623157e+308,13770.0,1.7976931348623157e+308,1.7976931348623157e+308,1.7976931348623157e+308,1.7976931348623157e+308,249,0,0,0,0,108,0,0,0,0
20191126,11:02:14.0,2019-11-26 11:02:14,al2001,SHFE,13770.0,0,75206,205044.0,13805.0,13820.0,13745.0,13805.0,13835.0,14525.0,13140.0,5177423200.0,13765.0,1.7976931348623157e+308,1.7976931348623157e+308,1.7976931348623157e+308,1.7976931348623157e+308,13770.0,1.7976931348623157e+308,1.7976931348623157e+308,1.7976931348623157e+308,1.7976931348623157e+308,250,0,0,0,0,108,0,0,0,0
20191126,11:02:16.500,2019-11-26 11:02:16.500000,al2001,SHFE,13770.0,0,75206,205044.0,13805.0,13820.0,13745.0,13805.0,13835.0,14525.0,13140.0,5177423200.0,13765.0,1.7976931348623157e+308,1.7976931348623157e+308,1.7976931348623157e+308,1.7976931348623157e+308,13770.0,1.7976931348623157e+308,1.7976931348623157e+308,1.7976931348623157e+308,1.7976931348623157e+308,250,0,0,0,0,108,0,0,0,0
20191126,11:02:17.0,2019-11-26 11:02:17,al2001,SHFE,13765.0,0,75214,205044.0,13805.0,13820.0,13745.0,13805.0,13835.0,14525.0,13140.0,5177973800.0,13765.0,1.7976931348623157e+308,1.7976931348623157e+308,1.7976931348623157e+308,1.7976931348623157e+308,13770.0,1.7976931348623157e+308,1.7976931348623157e+308,1.7976931348623157e+308,1.7976931348623157e+308,246,0,0,0,0,108,0,0,0,0
20191126,11:02:17.500,2019-11-26 11:02:17.500000,al2001,SHFE,13765.0,0,75214,205044.0,13805.0,13820.0,13745.0,13805.0,13835.0,14525.0,13140.0,5177973800.0,13765.0,1.7976931348623157e+308,1.7976931348623157e+308,1.7976931348623157e+308,1.7976931348623157e+308,13770.0,1.7976931348623157e+308,1.7976931348623157e+308,1.7976931348623157e+308,1.7976931348623157e+308,246,0,0,0,0,108,0,0,0,0
20191126,11:02:27.0,2019-11-26 11:02:27,al2001,SHFE,13765.0,0,75220,205046.0,13805.0,13820.0,13745.0,13805.0,13835.0,14525.0,13140.0,5178386750.0,13765.0,1.7976931348623157e+308,1.7976931348623157e+308,1.7976931348623157e+308,1.7976931348623157e+308,13770.0,1.7976931348623157e+308,1.7976931348623157e+308,1.7976931348623157e+308,1.7976931348623157e+308,243,0,0,0,0,108,0,0,0,0
20191126,11:02:27.500,2019-11-26 11:02:27.500000,al2001,SHFE,13765.0,0,75220,205046.0,13805.0,13820.0,13745.0,13805.0,13835.0,14525.0,13140.0,5178386750.0,13765.0,1.7976931348623157e+308,1.7976931348623157e+308,1.7976931348623157e+308,1.7976931348623157e+308,13770.0,1.7976931348623157e+308,1.7976931348623157e+308,1.7976931348623157e+308,1.7976931348623157e+308,248,0,0,0,0,108,0,0,0,0
20191126,11:02:37.0,2019-11-26 11:02:37,al2001,SHFE,13765.0,0,75222,205048.0,13805.0,13820.0,13745.0,13805.0,13835.0,14525.0,13140.0,5178524400.0,13765.0,1.7976931348623157e+308,1.7976931348623157e+308,1.7976931348623157e+308,1.7976931348623157e+308,13770.0,1.7976931348623157e+308,1.7976931348623157e+308,1.7976931348623157e+308,1.7976931348623157e+308,247,0,0,0,0,108,0,0,0,0
20191126,11:02:37.500,2019-11-26 11:02:37.500000,al2001,SHFE,13765.0,0,75222,205048.0,13805.0,13820.0,13745.0,13805.0,13835.0,14525.0,13140.0,5178524400.0,13765.0,1.7976931348623157e+308,1.7976931348623157e+308,1.7976931348623157e+308,1.7976931348623157e+308,13770.0,1.7976931348623157e+308,1.7976931348623157e+308,1.7976931348623157e+308,1.7976931348623157e+308,248,0,0,0,0,108,0,0,0,0
20191126,11:02:38.0,2019-11-26 11:02:38,al2001,SHFE,13765.0,0,75222,205048.0,13805.0,13820.0,13745.0,13805.0,13835.0,14525.0,13140.0,5178524400.0,13765.0,1.7976931348623157e+308,1.7976931348623157e+308,1.7976931348623157e+308,1.7976931348623157e+308,13770.0,1.7976931348623157e+308,1.7976931348623157e+308,1.7976931348623157e+308,1.7976931348623157e+308,247,0,0,0,0,108,0,0,0,0
20191126,11:02:38.500,2019-11-26 11:02:38.500000,al2001,SHFE,13765.0,0,75222,205048.0,13805.0,13820.0,13745.0,13805.0,13835.0,14525.0,13140.0,5178524400.0,13765.0,1.7976931348623157e+308,1.7976931348623157e+308,1.7976931348623157e+308,1.7976931348623157e+308,13770.0,1.7976931348623157e+308,1.7976931348623157e+308,1.7976931348623157e+308,1.7976931348623157e+308,247,0,0,0,0,130,0,0,0,0
20191126,11:02:39.0,2019-11-26 11:02:39,al2001,SHFE,13765.0,0,75222,205048.0,13805.0,13820.0,13745.0,13805.0,13835.0,14525.0,13140.0,5178524400.0,13765.0,1.7976931348623157e+308,1.7976931348623157e+308,1.7976931348623157e+308,1.7976931348623157e+308,13770.0,1.7976931348623157e+308,1.7976931348623157e+308,1.7976931348623157e+308,1.7976931348623157e+308,247,0,0,0,0,133,0,0,0,0
20191126,11:02:42.500,2019-11-26 11:02:42.500000,al2001,SHFE,13765.0,0,75222,205048.0,13805.0,13820.0,13745.0,13805.0,13835.0,14525.0,13140.0,5178524400.0,13765.0,1.7976931348623157e+308,1.7976931348623157e+308,1.7976931348623157e+308,1.7976931348623157e+308,13770.0,1.7976931348623157e+308,1.7976931348623157e+308,1.7976931348623157e+308,1.7976931348623157e+308,247,0,0,0,0,133,0,0,0,0
20191126,11:02:44.500,2019-11-26 11:02:44.500000,al2001,SHFE,13765.0,0,75228,205054.0,13805.0,13820.0,13745.0,13805.0,13835.0,14525.0,13140.0,5178937350.0,13765.0,1.7976931348623157e+308,1.7976931348623157e+308,1.7976931348623157e+308,1.7976931348623157e+308,13770.0,1.7976931348623157e+308,1.7976931348623157e+308,1.7976931348623157e+308,1.7976931348623157e+308,244,0,0,0,0,138,0,0,0,0
20191126,11:02:45.0,2019-11-26 11:02:45,al2001,SHFE,13765.0,0,75228,205054.0,13805.0,13820.0,13745.0,13805.0,13835.0,14525.0,13140.0,5178937350.0,13765.0,1.7976931348623157e+308,1.7976931348623157e+308,1.7976931348623157e+308,1.7976931348623157e+308,13770.0,1.7976931348623157e+308,1.7976931348623157e+308,1.7976931348623157e+308,1.7976931348623157e+308,249,0,0,0,0,138,0,0,0,0
20191126,11:02:48.0,2019-11-26 11:02:48,al2001,SHFE,13770.0,0,75230,205052.0,13805.0,13820.0,13745.0,13805.0,13835.0,14525.0,13140.0,5179075050.0,13765.0,1.7976931348623157e+308,1.7976931348623157e+308,1.7976931348623157e+308,1.7976931348623157e+308,13770.0,1.7976931348623157e+308,1.7976931348623157e+308,1.7976931348623157e+308,1.7976931348623157e+308,249,0,0,0,0,137,0,0,0,0
20191126,11:02:57.500,2019-11-26 11:02:57.500000,al2001,SHFE,13770.0,0,75232,205052.0,13805.0,13820.0,13745.0,13805.0,13835.0,14525.0,13140.0,5179212750.0,13765.0,1.7976931348623157e+308,1.7976931348623157e+308,1.7976931348623157e+308,1.7976931348623157e+308,13770.0,1.7976931348623157e+308,1.7976931348623157e+308,1.7976931348623157e+308,1.7976931348623157e+308,248,0,0,0,0,136,0,0,0,0
20191126,11:03:00.0,2019-11-26 11:03:00,al2001,SHFE,13770.0,0,75232,205052.0,13805.0,13820.0,13745.0,13805.0,13835.0,14525.0,13140.0,5179212750.0,13765.0,1.7976931348623157e+308,1.7976931348623157e+308,1.7976931348623157e+308,1.7976931348623157e+308,13770.0,1.7976931348623157e+308,1.7976931348623157e+308,1.7976931348623157e+308,1.7976931348623157e+308,248,0,0,0,0,136,0,0,0,0
20191126,11:03:00.500,2019-11-26 11:03:00.500000,al2001,SHFE,13770.0,0,75232,205052.0,13805.0,13820.0,13745.0,13805.0,13835.0,14525.0,13140.0,5179212750.0,13765.0,1.7976931348623157e+308,1.7976931348623157e+308,1.7976931348623157e+308,1.7976931348623157e+308,13770.0,1.7976931348623157e+308,1.7976931348623157e+308,1.7976931348623157e+308,1.7976931348623157e+308,253,0,0,0,0,136,0,0,0,0
20191126,11:03:01.0,2019-11-26 11:03:01,al2001,SHFE,13770.0,0,75232,205052.0,13805.0,13820.0,13745.0,13805.0,13835.0,14525.0,13140.0,5179212750.0,13765.0,1.7976931348623157e+308,1.7976931348623157e+308,1.7976931348623157e+308,1.7976931348623157e+308,13770.0,1.7976931348623157e+308,1.7976931348623157e+308,1.7976931348623157e+308,1.7976931348623157e+308,255,0,0,0,0,136,0,0,0,0
20191126,11:03:05.500,2019-11-26 11:03:05.500000,al2001,SHFE,13770.0,0,75232,205052.0,13805.0,13820.0,13745.0,13805.0,13835.0,14525.0,13140.0,5179212750.0,13765.0,1.7976931348623157e+308,1.7976931348623157e+308,1.7976931348623157e+308,1.7976931348623157e+308,13770.0,1.7976931348623157e+308,1.7976931348623157e+308,1.7976931348623157e+308,1.7976931348623157e+308,255,0,0,0,0,137,0,0,0,0
20191126,11:03:06.0,2019-11-26 11:03:06,al2001,SHFE,13770.0,0,75232,205052.0,13805.0,13820.0,13745.0,13805.0,13835.0,14525.0,13140.0,5179212750.0,13765.0,1.7976931348623157e+308,1.7976931348623157e+308,1.7976931348623157e+308,1.7976931348623157e+308,13770.0,1.7976931348623157e+308,1.7976931348623157e+308,1.7976931348623157e+308,1.7976931348623157e+308,256,0,0,0,0,137,0,0,0,0
20191126,11:03:08.0,2019-11-26 11:03:08,al2001,SHFE,13770.0,0,75234,205050.0,13805.0,13820.0,13745.0,13805.0,13835.0,14525.0,13140.0,5179350450.0,13765.0,1.7976931348623157e+308,1.7976931348623157e+308,1.7976931348623157e+308,1.7976931348623157e+308,13770.0,1.7976931348623157e+308,1.7976931348623157e+308,1.7976931348623157e+308,1.7976931348623157e+308,256,0,0,0,0,136,0,0,0,0
20191126,11:03:16.0,2019-11-26 11:03:16,al2001,SHFE,13765.0,0,75236,205050.0,13805.0,13820.0,13745.0,13805.0,13835.0,14525.0,13140.0,5179488100.0,13765.0,1.7976931348623157e+308,1.7976931348623157e+308,1.7976931348623157e+308,1.7976931348623157e+308,13770.0,1.7976931348623157e+308,1.7976931348623157e+308,1.7976931348623157e+308,1.7976931348623157e+308,258,0,0,0,0,136,0,0,0,0
20191126,11:03:16.500,2019-11-26 11:03:16.500000,al2001,SHFE,13765.0,0,75236,205050.0,13805.0,13820.0,13745.0,13805.0,13835.0,14525.0,13140.0,5179488100.0,13765.0,1.7976931348623157e+308,1.7976931348623157e+308,1.7976931348623157e+308,1.7976931348623157e+308,13770.0,1.7976931348623157e+308,1.7976931348623157e+308,1.7976931348623157e+308,1.7976931348623157e+308,258,0,0,0,0,139,0,0,0,0
20191126,11:03:19.0,2019-11-26 11:03:19,al2001,SHFE,13770.0,0,75514,205238.0,13805.0,13820.0,13745.0,13805.0,13835.0,14525.0,13140.0,5198628400.0,13770.0,1.7976931348623157e+308,1.7976931348623157e+308,1.7976931348623157e+308,1.7976931348623157e+308,13775.0,1.7976931348623157e+308,1.7976931348623157e+308,1.7976931348623157e+308,1.7976931348623157e+308,18,0,0,0,0,269,0,0,0,0
20191126,11:03:19.500,2019-11-26 11:03:19.500000,al2001,SHFE,13770.0,0,75558,205230.0,13805.0,13820.0,13745.0,13805.0,13835.0,14525.0,13140.0,5201657800.0,13770.0,1.7976931348623157e+308,1.7976931348623157e+308,1.7976931348623157e+308,1.7976931348623157e+308,13775.0,1.7976931348623157e+308,1.7976931348623157e+308,1.7976931348623157e+308,1.7976931348623157e+308,60,0,0,0,0,285,0,0,0,0
20191126,11:03:20.0,2019-11-26 11:03:20,al2001,SHFE,13770.0,0,75574,205214.0,13805.0,13820.0,13745.0,13805.0,13835.0,14525.0,13140.0,5202759400.0,13770.0,1.7976931348623157e+308,1.7976931348623157e+308,1.7976931348623157e+308,1.7976931348623157e+308,13775.0,1.7976931348623157e+308,1.7976931348623157e+308,1.7976931348623157e+308,1.7976931348623157e+308,58,0,0,0,0,293,0,0,0,0
20191126,11:03:20.500,2019-11-26 11:03:20.500000,al2001,SHFE,13770.0,0,75706,205196.0,13805.0,13820.0,13745.0,13805.0,13835.0,14525.0,13140.0,5211847600.0,13765.0,1.7976931348623157e+308,1.7976931348623157e+308,1.7976931348623157e+308,1.7976931348623157e+308,13770.0,1.7976931348623157e+308,1.7976931348623157e+308,1.7976931348623157e+308,1.7976931348623157e+308,256,0,0,0,0,165,0,0,0,0
20191126,11:03:21.0,2019-11-26 11:03:21,al2001,SHFE,13770.0,0,75706,205196.0,13805.0,13820.0,13745.0,13805.0,13835.0,14525.0,13140.0,5211847600.0,13765.0,1.7976931348623157e+308,1.7976931348623157e+308,1.7976931348623157e+308,1.7976931348623157e+308,13770.0,1.7976931348623157e+308,1.7976931348623157e+308,1.7976931348623157e+308,1.7976931348623157e+308,255,0,0,0,0,194,0,0,0,0
20191126,11:03:21.500,2019-11-26 11:03:21.500000,al2001,SHFE,13770.0,0,75706,205196.0,13805.0,13820.0,13745.0,13805.0,13835.0,14525.0,13140.0,5211847600.0,13765.0,1.7976931348623157e+308,1.7976931348623157e+308,1.7976931348623157e+308,1.7976931348623157e+308,13770.0,1.7976931348623157e+308,1.7976931348623157e+308,1.7976931348623157e+308,1.7976931348623157e+308,255,0,0,0,0,210,0,0,0,0
20191126,11:03:26.0,2019-11-26 11:03:26,al2001,SHFE,13765.0,0,75708,205196.0,13805.0,13820.0,13745.0,13805.0,13835.0,14525.0,13140.0,5211985250.0,13765.0,1.7976931348623157e+308,1.7976931348623157e+308,1.7976931348623157e+308,1.7976931348623157e+308,13770.0,1.7976931348623157e+308,1.7976931348623157e+308,1.7976931348623157e+308,1.7976931348623157e+308,254,0,0,0,0,210,0,0,0,0
20191126,11:03:26.500,2019-11-26 11:03:26.500000,al2001,SHFE,13765.0,0,75708,205196.0,13805.0,13820.0,13745.0,13805.0,13835.0,14525.0,13140.0,5211985250.0,13765.0,1.7976931348623157e+308,1.7976931348623157e+308,1.7976931348623157e+308,1.7976931348623157e+308,13770.0,1.7976931348623157e+308,1.7976931348623157e+308,1.7976931348623157e+308,1.7976931348623157e+308,258,0,0,0,0,210,0,0,0,0
20191126,11:03:27.0,2019-11-26 11:03:27,al2001,SHFE,13765.0,0,75710,205196.0,13805.0,13820.0,13745.0,13805.0,13835.0,14525.0,13140.0,5212122900.0,13765.0,1.7976931348623157e+308,1.7976931348623157e+308,1.7976931348623157e+308,1.7976931348623157e+308,13770.0,1.7976931348623157e+308,1.7976931348623157e+308,1.7976931348623157e+308,1.7976931348623157e+308,257,0,0,0,0,232,0,0,0,0
20191126,11:03:27.500,2019-11-26 11:03:27.500000,al2001,SHFE,13765.0,0,75710,205196.0,13805.0,13820.0,13745.0,13805.0,13835.0,14525.0,13140.0,5212122900.0,13765.0,1.7976931348623157e+308,1.7976931348623157e+308,1.7976931348623157e+308,1.7976931348623157e+308,13770.0,1.7976931348623157e+308,1.7976931348623157e+308,1.7976931348623157e+308,1.7976931348623157e+308,257,0,0,0,0,233,0,0,0,0
20191126,11:03:29.0,2019-11-26 11:03:29,al2001,SHFE,13765.0,0,75712,205198.0,13805.0,13820.0,13745.0,13805.0,13835.0,14525.0,13140.0,5212260550.0,13765.0,1.7976931348623157e+308,1.7976931348623157e+308,1.7976931348623157e+308,1.7976931348623157e+308,13770.0,1.7976931348623157e+308,1.7976931348623157e+308,1.7976931348623157e+308,1.7976931348623157e+308,256,0,0,0,0,233,0,0,0,0
20191126,11:03:36.0,2019-11-26 11:03:36,al2001,SHFE,13765.0,0,75714,205200.0,13805.0,13820.0,13745.0,13805.0,13835.0,14525.0,13140.0,5212398200.0,13765.0,1.7976931348623157e+308,1.7976931348623157e+308,1.7976931348623157e+308,1.7976931348623157e+308,13770.0,1.7976931348623157e+308,1.7976931348623157e+308,1.7976931348623157e+308,1.7976931348623157e+308,255,0,0,0,0,233,0,0,0,0
20191126,11:03:36.500,2019-11-26 11:03:36.500000,al2001,SHFE,13765.0,0,75714,205200.0,13805.0,13820.0,13745.0,13805.0,13835.0,14525.0,13140.0,5212398200.0,13765.0,1.7976931348623157e+308,1.7976931348623157e+308,1.7976931348623157e+308,1.7976931348623157e+308,13770.0,1.7976931348623157e+308,1.7976931348623157e+308,1.7976931348623157e+308,1.7976931348623157e+308,253,0,0,0,0,239,0,0,0,0
20191126,11:03:37.0,2019-11-26 11:03:37,al2001,SHFE,13765.0,0,75716,205202.0,13805.0,13820.0,13745.0,13805.0,13835.0,14525.0,13140.0,5212535850.0,13765.0,1.7976931348623157e+308,1.7976931348623157e+308,1.7976931348623157e+308,1.7976931348623157e+308,13770.0,1.7976931348623157e+308,1.7976931348623157e+308,1.7976931348623157e+308,1.7976931348623157e+308,252,0,0,0,0,239,0,0,0,0
20191126,11:03:37.500,2019-11-26 11:03:37.500000,al2001,SHFE,13765.0,0,75716,205202.0,13805.0,13820.0,13745.0,13805.0,13835.0,14525.0,13140.0,5212535850.0,13765.0,1.7976931348623157e+308,1.7976931348623157e+308,1.7976931348623157e+308,1.7976931348623157e+308,13770.0,1.7976931348623157e+308,1.7976931348623157e+308,1.7976931348623157e+308,1.7976931348623157e+308,252,0,0,0,0,239,0,0,0,0
20191126,11:03:38.0,2019-11-26 11:03:38,al2001,SHFE,13770.0,0,75718,205202.0,13805.0,13820.0,13745.0,13805.0,13835.0,14525.0,13140.0,5212673550.0,13765.0,1.7976931348623157e+308,1.7976931348623157e+308,1.7976931348623157e+308,1.7976931348623157e+308,13770.0,1.7976931348623157e+308,1.7976931348623157e+308,1.7976931348623157e+308,1.7976931348623157e+308,252,0,0,0,0,238,0,0,0,0
20191126,11:03:43.0,2019-11-26 11:03:43,al2001,SHFE,13765.0,0,75720,205204.0,13805.0,13820.0,13745.0,13805.0,13835.0,14525.0,13140.0,5212811200.0,13765.0,1.7976931348623157e+308,1.7976931348623157e+308,1.7976931348623157e+308,1.7976931348623157e+308,13770.0,1.7976931348623157e+308,1.7976931348623157e+308,1.7976931348623157e+308,1.7976931348623157e+308,251,0,0,0,0,238,0,0,0,0
20191126,11:03:43.500,2019-11-26 11:03:43.500000,al2001,SHFE,13765.0,0,75720,205204.0,13805.0,13820.0,13745.0,13805.0,13835.0,14525.0,13140.0,5212811200.0,13765.0,1.7976931348623157e+308,1.7976931348623157e+308,1.7976931348623157e+308,1.7976931348623157e+308,13770.0,1.7976931348623157e+308,1.7976931348623157e+308,1.7976931348623157e+308,1.7976931348623157e+308,252,0,0,0,0,238,0,0,0,0
20191126,11:03:44.0,2019-11-26 11:03:44,al2001,SHFE,13765.0,0,75722,205206.0,13805.0,13820.0,13745.0,13805.0,13835.0,14525.0,13140.0,5212948850.0,13765.0,1.7976931348623157e+308,1.7976931348623157e+308,1.7976931348623157e+308,1.7976931348623157e+308,13770.0,1.7976931348623157e+308,1.7976931348623157e+308,1.7976931348623157e+308,1.7976931348623157e+308,251,0,0,0,0,238,0,0,0,0
20191126,11:03:46.0,2019-11-26 11:03:46,al2001,SHFE,13765.0,0,75724,205208.0,13805.0,13820.0,13745.0,13805.0,13835.0,14525.0,13140.0,5213086500.0,13765.0,1.7976931348623157e+308,1.7976931348623157e+308,1.7976931348623157e+308,1.7976931348623157e+308,13770.0,1.7976931348623157e+308,1.7976931348623157e+308,1.7976931348623157e+308,1.7976931348623157e+308,250,0,0,0,0,238,0,0,0,0
20191126,11:03:47.0,2019-11-26 11:03:47,al2001,SHFE,13765.0,0,75726,205210.0,13805.0,13820.0,13745.0,13805.0,13835.0,14525.0,13140.0,5213224150.0,13765.0,1.7976931348623157e+308,1.7976931348623157e+308,1.7976931348623157e+308,1.7976931348623157e+308,13770.0,1.7976931348623157e+308,1.7976931348623157e+308,1.7976931348623157e+308,1.7976931348623157e+308,249,0,0,0,0,238,0,0,0,0
20191126,11:03:47.500,2019-11-26 11:03:47.500000,al2001,SHFE,13765.0,0,75730,205210.0,13805.0,13820.0,13745.0,13805.0,13835.0,14525.0,13140.0,5213499450.0,13765.0,1.7976931348623157e+308,1.7976931348623157e+308,1.7976931348623157e+308,1.7976931348623157e+308,13770.0,1.7976931348623157e+308,1.7976931348623157e+308,1.7976931348623157e+308,1.7976931348623157e+308,247,0,0,0,0,238,0,0,0,0
20191126,11:03:49.0,2019-11-26 11:03:49,al2001,SHFE,13770.0,0,75734,205212.0,13805.0,13820.0,13745.0,13805.0,13835.0,14525.0,13140.0,5213774800.0,13765.0,1.7976931348623157e+308,1.7976931348623157e+308,1.7976931348623157e+308,1.7976931348623157e+308,13770.0,1.7976931348623157e+308,1.7976931348623157e+308,1.7976931348623157e+308,1.7976931348623157e+308,246,0,0,0,0,237,0,0,0,0
20191126,11:03:49.500,2019-11-26 11:03:49.500000,al2001,SHFE,13770.0,0,75734,205212.0,13805.0,13820.0,13745.0,13805.0,13835.0,14525.0,13140.0,5213774800.0,13765.0,1.7976931348623157e+308,1.7976931348623157e+308,1.7976931348623157e+308,1.7976931348623157e+308,13770.0,1.7976931348623157e+308,1.7976931348623157e+308,1.7976931348623157e+308,1.7976931348623157e+308,248,0,0,0,0,237,0,0,0,0
20191126,11:03:50.0,2019-11-26 11:03:50,al2001,SHFE,13770.0,0,75734,205212.0,13805.0,13820.0,13745.0,13805.0,13835.0,14525.0,13140.0,5213774800.0,13765.0,1.7976931348623157e+308,1.7976931348623157e+308,1.7976931348623157e+308,1.7976931348623157e+308,13770.0,1.7976931348623157e+308,1.7976931348623157e+308,1.7976931348623157e+308,1.7976931348623157e+308,248,0,0,0,0,238,0,0,0,0
20191126,11:03:52.0,2019-11-26 11:03:52,al2001,SHFE,13770.0,0,75734,205212.0,13805.0,13820.0,13745.0,13805.0,13835.0,14525.0,13140.0,5213774800.0,13765.0,1.7976931348623157e+308,1.7976931348623157e+308,1.7976931348623157e+308,1.7976931348623157e+308,13770.0,1.7976931348623157e+308,1.7976931348623157e+308,1.7976931348623157e+308,1.7976931348623157e+308,268,0,0,0,0,238,0,0,0,0
20191126,11:03:53.0,2019-11-26 11:03:53,al2001,SHFE,13765.0,0,75736,205214.0,13805.0,13820.0,13745.0,13805.0,13835.0,14525.0,13140.0,5213912450.0,13765.0,1.7976931348623157e+308,1.7976931348623157e+308,1.7976931348623157e+308,1.7976931348623157e+308,13770.0,1.7976931348623157e+308,1.7976931348623157e+308,1.7976931348623157e+308,1.7976931348623157e+308,267,0,0,0,0,238,0,0,0,0
20191126,11:03:56.0,2019-11-26 11:03:56,al2001,SHFE,13765.0,0,75738,205216.0,13805.0,13820.0,13745.0,13805.0,13835.0,14525.0,13140.0,5214050100.0,13765.0,1.7976931348623157e+308,1.7976931348623157e+308,1.7976931348623157e+308,1.7976931348623157e+308,13770.0,1.7976931348623157e+308,1.7976931348623157e+308,1.7976931348623157e+308,1.7976931348623157e+308,266,0,0,0,0,238,0,0,0,0
20191126,11:03:56.500,2019-11-26 11:03:56.500000,al2001,SHFE,13765.0,0,75738,205216.0,13805.0,13820.0,13745.0,13805.0,13835.0,14525.0,13140.0,5214050100.0,13765.0,1.7976931348623157e+308,1.7976931348623157e+308,1.7976931348623157e+308,1.7976931348623157e+308,13770.0,1.7976931348623157e+308,1.7976931348623157e+308,1.7976931348623157e+308,1.7976931348623157e+308,264,0,0,0,0,238,0,0,0,0
20191126,11:03:57.0,2019-11-26 11:03:57,al2001,SHFE,13765.0,0,75740,205218.0,13805.0,13820.0,13745.0,13805.0,13835.0,14525.0,13140.0,5214187750.0,13765.0,1.7976931348623157e+308,1.7976931348623157e+308,1.7976931348623157e+308,1.7976931348623157e+308,13770.0,1.7976931348623157e+308,1.7976931348623157e+308,1.7976931348623157e+308,1.7976931348623157e+308,263,0,0,0,0,238,0,0,0,0
20191126,11:03:58.500,2019-11-26 11:03:58.500000,al2001,SHFE,13765.0,0,76270,205558.0,13805.0,13820.0,13745.0,13805.0,13835.0,14525.0,13140.0,5250665000.0,13760.0,1.7976931348623157e+308,1.7976931348623157e+308,1.7976931348623157e+308,1.7976931348623157e+308,13765.0,1.7976931348623157e+308,1.7976931348623157e+308,1.7976931348623157e+308,1.7976931348623157e+308,65,0,0,0,0,34,0,0,0,0
20191126,11:03:59.0,2019-11-26 11:03:59,al2001,SHFE,13760.0,0,76276,205558.0,13805.0,13820.0,13745.0,13805.0,13835.0,14525.0,13140.0,5251077900.0,13760.0,1.7976931348623157e+308,1.7976931348623157e+308,1.7976931348623157e+308,1.7976931348623157e+308,13765.0,1.7976931348623157e+308,1.7976931348623157e+308,1.7976931348623157e+308,1.7976931348623157e+308,149,0,0,0,0,147,0,0,0,0
20191126,11:03:59.500,2019-11-26 11:03:59.500000,al2001,SHFE,13760.0,0,76276,205558.0,13805.0,13820.0,13745.0,13805.0,13835.0,14525.0,13140.0,5251077900.0,13760.0,1.7976931348623157e+308,1.7976931348623157e+308,1.7976931348623157e+308,1.7976931348623157e+308,13765.0,1.7976931348623157e+308,1.7976931348623157e+308,1.7976931348623157e+308,1.7976931348623157e+308,142,0,0,0,0,144,0,0,0,0
20191126,11:04:00.0,2019-11-26 11:04:00,al2001,SHFE,13760.0,0,76276,205558.0,13805.0,13820.0,13745.0,13805.0,13835.0,14525.0,13140.0,5251077900.0,13760.0,1.7976931348623157e+308,1.7976931348623157e+308,1.7976931348623157e+308,1.7976931348623157e+308,13765.0,1.7976931348623157e+308,1.7976931348623157e+308,1.7976931348623157e+308,1.7976931348623157e+308,142,0,0,0,0,144,0,0,0,0
20191126,11:04:00.500,2019-11-26 11:04:00.500000,al2001,SHFE,13760.0,0,76276,205558.0,13805.0,13820.0,13745.0,13805.0,13835.0,14525.0,13140.0,5251077900.0,13760.0,1.7976931348623157e+308,1.7976931348623157e+308,1.7976931348623157e+308,1.7976931348623157e+308,13765.0,1.7976931348623157e+308,1.7976931348623157e+308,1.7976931348623157e+308,1.7976931348623157e+308,142,0,0,0,0,144,0,0,0,0
20191126,11:04:02.0,2019-11-26 11:04:02,al2001,SHFE,13760.0,0,76276,205558.0,13805.0,13820.0,13745.0,13805.0,13835.0,14525.0,13140.0,5251077900.0,13760.0,1.7976931348623157e+308,1.7976931348623157e+308,1.7976931348623157e+308,1.7976931348623157e+308,13765.0,1.7976931348623157e+308,1.7976931348623157e+308,1.7976931348623157e+308,1.7976931348623157e+308,143,0,0,0,0,144,0,0,0,0
20191126,11:04:03.0,2019-11-26 11:04:03,al2001,SHFE,13760.0,0,76278,205558.0,13805.0,13820.0,13745.0,13805.0,13835.0,14525.0,13140.0,5251215500.0,13760.0,1.7976931348623157e+308,1.7976931348623157e+308,1.7976931348623157e+308,1.7976931348623157e+308,13765.0,1.7976931348623157e+308,1.7976931348623157e+308,1.7976931348623157e+308,1.7976931348623157e+308,142,0,0,0,0,144,0,0,0,0
20191126,11:04:03.500,2019-11-26 11:04:03.500000,al2001,SHFE,13760.0,0,76278,205558.0,13805.0,13820.0,13745.0,13805.0,13835.0,14525.0,13140.0,5251215500.0,13760.0,1.7976931348623157e+308,1.7976931348623157e+308,1.7976931348623157e+308,1.7976931348623157e+308,13765.0,1.7976931348623157e+308,1.7976931348623157e+308,1.7976931348623157e+308,1.7976931348623157e+308,142,0,0,0,0,144,0,0,0,0
20191126,11:04:06.0,2019-11-26 11:04:06,al2001,SHFE,13760.0,0,76280,205558.0,13805.0,13820.0,13745.0,13805.0,13835.0,14525.0,13140.0,5251353100.0,13760.0,1.7976931348623157e+308,1.7976931348623157e+308,1.7976931348623157e+308,1.7976931348623157e+308,13765.0,1.7976931348623157e+308,1.7976931348623157e+308,1.7976931348623157e+308,1.7976931348623157e+308,141,0,0,0,0,144,0,0,0,0
20191126,11:04:06.500,2019-11-26 11:04:06.500000,al2001,SHFE,13760.0,0,76280,205558.0,13805.0,13820.0,13745.0,13805.0,13835.0,14525.0,13140.0,5251353100.0,13760.0,1.7976931348623157e+308,1.7976931348623157e+308,1.7976931348623157e+308,1.7976931348623157e+308,13765.0,1.7976931348623157e+308,1.7976931348623157e+308,1.7976931348623157e+308,1.7976931348623157e+308,133,0,0,0,0,144,0,0,0,0
