date,time,datetime,symbol,exchange,lastPrice,lastVolume,volume,openInterest,openPrice,highPrice,lowPrice,preClosePrice,preSettlementPrice,upperLimit,lowerLimit,turnover,bidPrice1,bidPrice2,bidPrice3,bidPrice4,bidPrice5,askPrice1,askPrice2,askPrice3,askPrice4,askPrice5,bidVolume1,bidVolume2,bidVolume3,bidVolume4,bidVolume5,askVolume1,askVolume2,askVolume3,askVolume4,askVolume5
20191126,09:41:45.0,2019-11-26 09:41:45,cu2001,SHFE,47080.0,0,50168,214816.0,47180.0,47220.0,47010.0,47100.0,47070.0,49420.0,44710.0,11815844900.0,47070.0,1.7976931348623157e+308,1.7976931348623157e+308,1.7976931348623157e+308,1.7976931348623157e+308,47080.0,1.7976931348623157e+308,1.7976931348623157e+308,1.7976931348623157e+308,1.7976931348623157e+308,59,0,0,0,0,132,0,0,0,0
20191126,10:57:55.0,2019-11-26 10:57:55,cu2001,SHFE,47070.0,0,62378,215214.0,47180.0,47220.0,47010.0,47100.0,47070.0,49420.0,44710.0,14691316100.0,47070.0,1.7976931348623157e+308,1.7976931348623157e+308,1.7976931348623157e+308,1.7976931348623157e+308,47080.0,1.7976931348623157e+308,1.7976931348623157e+308,1.7976931348623157e+308,1.7976931348623157e+308,130,0,0,0,0,153,0,0,0,0
20191126,10:58:00.0,2019-11-26 10:58:00,cu2001,SHFE,47070.0,0,62378,215214.0,47180.0,47220.0,47010.0,47100.0,47070.0,49420.0,44710.0,14691316100.0,47070.0,1.7976931348623157e+308,1.7976931348623157e+308,1.7976931348623157e+308,1.7976931348623157e+308,47080.0,1.7976931348623157e+308,1.7976931348623157e+308,1.7976931348623157e+308,1.7976931348623157e+308,125,0,0,0,0,153,0,0,0,0
20191126,10:58:00.500,2019-11-26 10:58:00.500000,cu2001,SHFE,47070.0,0,62378,215214.0,47180.0,47220.0,47010.0,47100.0,47070.0,49420.0,44710.0,14691316100.0,47070.0,1.7976931348623157e+308,1.7976931348623157e+308,1.7976931348623157e+308,1.7976931348623157e+308,47080.0,1.7976931348623157e+308,1.7976931348623157e+308,1.7976931348623157e+308,1.7976931348623157e+308,125,0,0,0,0,154,0,0,0,0
20191126,10:58:02.0,2019-11-26 10:58:02,cu2001,SHFE,47070.0,0,62378,215214.0,47180.0,47220.0,47010.0,47100.0,47070.0,49420.0,44710.0,14691316100.0,47070.0,1.7976931348623157e+308,1.7976931348623157e+308,1.7976931348623157e+308,1.7976931348623157e+308,47080.0,1.7976931348623157e+308,1.7976931348623157e+308,1.7976931348623157e+308,1.7976931348623157e+308,125,0,0,0,0,160,0,0,0,0
20191126,10:58:03.0,2019-11-26 10:58:03,cu2001,SHFE,47070.0,0,62378,215214.0,47180.0,47220.0,47010.0,47100.0,47070.0,49420.0,44710.0,14691316100.0,47070.0,1.7976931348623157e+308,1.7976931348623157e+308,1.7976931348623157e+308,1.7976931348623157e+308,47080.0,1.7976931348623157e+308,1.7976931348623157e+308,1.7976931348623157e+308,1.7976931348623157e+308,125,0,0,0,0,163,0,0,0,0
20191126,10:58:03.500,2019-11-26 10:58:03.500000,cu2001,SHFE,47070.0,0,62378,215214.0,47180.0,47220.0,47010.0,47100.0,47070.0,49420.0,44710.0,14691316100.0,47070.0,1.7976931348623157e+308,1.7976931348623157e+308,1.7976931348623157e+308,1.7976931348623157e+308,47080.0,1.7976931348623157e+308,1.7976931348623157e+308,1.7976931348623157e+308,1.7976931348623157e+308,125,0,0,0,0,163,0,0,0,0
20191126,10:58:04.0,2019-11-26 10:58:04,cu2001,SHFE,47070.0,0,62378,215214.0,47180.0,47220.0,47010.0,47100.0,47070.0,49420.0,44710.0,14691316100.0,47070.0,1.7976931348623157e+308,1.7976931348623157e+308,1.7976931348623157e+308,1.7976931348623157e+308,47080.0,1.7976931348623157e+308,1.7976931348623157e+308,1.7976931348623157e+308,1.7976931348623157e+308,130,0,0,0,0,163,0,0,0,0
20191126,10:58:04.500,2019-11-26 10:58:04.500000,cu2001,SHFE,47070.0,0,62378,215214.0,47180.0,47220.0,47010.0,47100.0,47070.0,49420.0,44710.0,14691316100.0,47070.0,1.7976931348623157e+308,1.7976931348623157e+308,1.7976931348623157e+308,1.7976931348623157e+308,47080.0,1.7976931348623157e+308,1.7976931348623157e+308,1.7976931348623157e+308,1.7976931348623157e+308,130,0,0,0,0,163,0,0,0,0
20191126,10:58:14.0,2019-11-26 10:58:14,cu2001,SHFE,47070.0,0,62378,215214.0,47180.0,47220.0,47010.0,47100.0,47070.0,49420.0,44710.0,14691316100.0,47070.0,1.7976931348623157e+308,1.7976931348623157e+308,1.7976931348623157e+308,1.7976931348623157e+308,47080.0,1.7976931348623157e+308,1.7976931348623157e+308,1.7976931348623157e+308,1.7976931348623157e+308,130,0,0,0,0,163,0,0,0,0
20191126,10:58:24.500,2019-11-26 10:58:24.500000,cu2001,SHFE,47070.0,0,62378,215214.0,47180.0,47220.0,47010.0,47100.0,47070.0,49420.0,44710.0,14691316100.0,47070.0,1.7976931348623157e+308,1.7976931348623157e+308,1.7976931348623157e+308,1.7976931348623157e+308,47080.0,1.7976931348623157e+308,1.7976931348623157e+308,1.7976931348623157e+308,1.7976931348623157e+308,130,0,0,0,0,163,0,0,0,0
20191126,10:58:33.0,2019-11-26 10:58:33,cu2001,SHFE,47070.0,0,62380,215214.0,47180.0,47220.0,47010.0,47100.0,47070.0,49420.0,44710.0,14691786800.0,47070.0,1.7976931348623157e+308,1.7976931348623157e+308,1.7976931348623157e+308,1.7976931348623157e+308,47080.0,1.7976931348623157e+308,1.7976931348623157e+308,1.7976931348623157e+308,1.7976931348623157e+308,129,0,0,0,0,163,0,0,0,0
20191126,10:58:42.500,2019-11-26 10:58:42.500000,cu2001,SHFE,47080.00000000001,0,62400,215214.0,47180.0,47220.0,47010.0,47100.0,47070.0,49420.0,44710.0,14696494800.0,47070.0,1.7976931348623157e+308,1.7976931348623157e+308,1.7976931348623157e+308,1.7976931348623157e+308,47080.0,1.7976931348623157e+308,1.7976931348623157e+308,1.7976931348623157e+308,1.7976931348623157e+308,129,0,0,0,0,155,0,0,0,0
20191126,10:58:43.0,2019-11-26 10:58:43,cu2001,SHFE,47080.00000000001,0,62400,215214.0,47180.0,47220.0,47010.0,47100.0,47070.0,49420.0,44710.0,14696494800.0,47070.0,1.7976931348623157e+308,1.7976931348623157e+308,1.7976931348623157e+308,1.7976931348623157e+308,47080.0,1.7976931348623157e+308,1.7976931348623157e+308,1.7976931348623157e+308,1.7976931348623157e+308,131,0,0,0,0,153,0,0,0,0
20191126,10:58:43.500,2019-11-26 10:58:43.500000,cu2001,SHFE,47080.00000000001,0,62400,215214.0,47180.0,47220.0,47010.0,47100.0,47070.0,49420.0,44710.0,14696494800.0,47070.0,1.7976931348623157e+308,1.7976931348623157e+308,1.7976931348623157e+308,1.7976931348623157e+308,47080.0,1.7976931348623157e+308,1.7976931348623157e+308,1.7976931348623157e+308,1.7976931348623157e+308,131,0,0,0,0,155,0,0,0,0
20191126,10:58:44.0,2019-11-26 10:58:44,cu2001,SHFE,47080.00000000001,0,62400,215214.0,47180.0,47220.0,47010.0,47100.0,47070.0,49420.0,44710.0,14696494800.0,47070.0,1.7976931348623157e+308,1.7976931348623157e+308,1.7976931348623157e+308,1.7976931348623157e+308,47080.0,1.7976931348623157e+308,1.7976931348623157e+308,1.7976931348623157e+308,1.7976931348623157e+308,131,0,0,0,0,155,0,0,0,0
20191126,10:58:44.500,2019-11-26 10:58:44.500000,cu2001,SHFE,47070.0,0,62418,215222.0,47180.0,47220.0,47010.0,47100.0,47070.0,49420.0,44710.0,14700731100.0,47070.0,1.7976931348623157e+308,1.7976931348623157e+308,1.7976931348623157e+308,1.7976931348623157e+308,47080.0,1.7976931348623157e+308,1.7976931348623157e+308,1.7976931348623157e+308,1.7976931348623157e+308,122,0,0,0,0,155,0,0,0,0
20191126,10:58:45.0,2019-11-26 10:58:45,cu2001,SHFE,47070.0,0,62418,215222.0,47180.0,47220.0,47010.0,47100.0,47070.0,49420.0,44710.0,14700731100.0,47070.0,1.7976931348623157e+308,1.7976931348623157e+308,1.7976931348623157e+308,1.7976931348623157e+308,47080.0,1.7976931348623157e+308,1.7976931348623157e+308,1.7976931348623157e+308,1.7976931348623157e+308,120,0,0,0,0,155,0,0,0,0
20191126,10:58:48.500,2019-11-26 10:58:48.500000,cu2001,SHFE,47070.0,0,62418,215222.0,47180.0,47220.0,47010.0,47100.0,47070.0,49420.0,44710.0,14700731100.0,47070.0,1.7976931348623157e+308,1.7976931348623157e+308,1.7976931348623157e+308,1.7976931348623157e+308,47080.0,1.7976931348623157e+308,1.7976931348623157e+308,1.7976931348623157e+308,1.7976931348623157e+308,120,0,0,0,0,154,0,0,0,0
20191126,10:58:49.0,2019-11-26 10:58:49,cu2001,SHFE,47070.0,0,62418,215222.0,47180.0,47220.0,47010.0,47100.0,47070.0,49420.0,44710.0,14700731100.0,47070.0,1.7976931348623157e+308,1.7976931348623157e+308,1.7976931348623157e+308,1.7976931348623157e+308,47080.0,1.7976931348623157e+308,1.7976931348623157e+308,1.7976931348623157e+308,1.7976931348623157e+308,120,0,0,0,0,153,0,0,0,0
20191126,10:58:49.500,2019-11-26 10:58:49.500000,cu2001,SHFE,47070.0,0,62420,215220.0,47180.0,47220.0,47010.0,47100.0,47070.0,49420.0,44710.0,14701201800.0,47070.0,1.7976931348623157e+308,1.7976931348623157e+308,1.7976931348623157e+308,1.7976931348623157e+308,47080.0,1.7976931348623157e+308,1.7976931348623157e+308,1.7976931348623157e+308,1.7976931348623157e+308,119,0,0,0,0,153,0,0,0,0
20191126,10:58:51.0,2019-11-26 10:58:51,cu2001,SHFE,47070.0,0,62420,215220.0,47180.0,47220.0,47010.0,47100.0,47070.0,49420.0,44710.0,14701201800.0,47070.0,1.7976931348623157e+308,1.7976931348623157e+308,1.7976931348623157e+308,1.7976931348623157e+308,47080.0,1.7976931348623157e+308,1.7976931348623157e+308,1.7976931348623157e+308,1.7976931348623157e+308,120,0,0,0,0,153,0,0,0,0
20191126,10:58:51.500,2019-11-26 10:58:51.500000,cu2001,SHFE,47070.0,0,62426,215224.0,47180.0,47220.0,47010.0,47100.0,47070.0,49420.0,44710.0,14702614100.0,47070.0,1.7976931348623157e+308,1.7976931348623157e+308,1.7976931348623157e+308,1.7976931348623157e+308,47080.0,1.7976931348623157e+308,1.7976931348623157e+308,1.7976931348623157e+308,1.7976931348623157e+308,119,0,0,0,0,151,0,0,0,0
20191126,10:58:52.0,2019-11-26 10:58:52,cu2001,SHFE,47070.0,0,62426,215224.0,47180.0,47220.0,47010.0,47100.0,47070.0,49420.0,44710.0,14702614100.0,47070.0,1.7976931348623157e+308,1.7976931348623157e+308,1.7976931348623157e+308,1.7976931348623157e+308,47080.0,1.7976931348623157e+308,1.7976931348623157e+308,1.7976931348623157e+308,1.7976931348623157e+308,119,0,0,0,0,151,0,0,0,0
20191126,10:58:52.500,2019-11-26 10:58:52.500000,cu2001,SHFE,47070.0,0,62426,215224.0,47180.0,47220.0,47010.0,47100.0,47070.0,49420.0,44710.0,14702614100.0,47070.0,1.7976931348623157e+308,1.7976931348623157e+308,1.7976931348623157e+308,1.7976931348623157e+308,47080.0,1.7976931348623157e+308,1.7976931348623157e+308,1.7976931348623157e+308,1.7976931348623157e+308,124,0,0,0,0,151,0,0,0,0
20191126,10:58:53.0,2019-11-26 10:58:53,cu2001,SHFE,47070.0,0,62426,215224.0,47180.0,47220.0,47010.0,47100.0,47070.0,49420.0,44710.0,14702614100.0,47070.0,1.7976931348623157e+308,1.7976931348623157e+308,1.7976931348623157e+308,1.7976931348623157e+308,47080.0,1.7976931348623157e+308,1.7976931348623157e+308,1.7976931348623157e+308,1.7976931348623157e+308,126,0,0,0,0,151,0,0,0,0
20191126,10:58:54.500,2019-11-26 10:58:54.500000,cu2001,SHFE,47070.0,0,62426,215224.0,47180.0,47220.0,47010.0,47100.0,47070.0,49420.0,44710.0,14702614100.0,47070.0,1.7976931348623157e+308,1.7976931348623157e+308,1.7976931348623157e+308,1.7976931348623157e+308,47080.0,1.7976931348623157e+308,1.7976931348623157e+308,1.7976931348623157e+308,1.7976931348623157e+308,127,0,0,0,0,151,0,0,0,0
20191126,10:58:55.0,2019-11-26 10:58:55,cu2001,SHFE,47070.0,0,62426,215224.0,47180.0,47220.0,47010.0,47100.0,47070.0,49420.0,44710.0,14702614100.0,47070.0,1.7976931348623157e+308,1.7976931348623157e+308,1.7976931348623157e+308,1.7976931348623157e+308,47080.0,1.7976931348623157e+308,1.7976931348623157e+308,1.7976931348623157e+308,1.7976931348623157e+308,127,0,0,0,0,150,0,0,0,0
20191126,10:58:55.500,2019-11-26 10:58:55.500000,cu2001,SHFE,47080.0,0,62428,215224.0,47180.0,47220.0,47010.0,47100.0,47070.0,49420.0,44710.0,14703084900.0,47070.0,1.7976931348623157e+308,1.7976931348623157e+308,1.7976931348623157e+308,1.7976931348623157e+308,47080.0,1.7976931348623157e+308,1.7976931348623157e+308,1.7976931348623157e+308,1.7976931348623157e+308,127,0,0,0,0,149,0,0,0,0
20191126,10:58:56.0,2019-11-26 10:58:56,cu2001,SHFE,47080.0,0,62428,215224.0,47180.0,47220.0,47010.0,47100.0,47070.0,49420.0,44710.0,14703084900.0,47070.0,1.7976931348623157e+308,1.7976931348623157e+308,1.7976931348623157e+308,1.7976931348623157e+308,47080.0,1.7976931348623157e+308,1.7976931348623157e+308,1.7976931348623157e+308,1.7976931348623157e+308,127,0,0,0,0,149,0,0,0,0
20191126,10:58:56.500,2019-11-26 10:58:56.500000,cu2001,SHFE,47080.0,0,62428,215224.0,47180.0,47220.0,47010.0,47100.0,47070.0,49420.0,44710.0,14703084900.0,47070.0,1.7976931348623157e+308,1.7976931348623157e+308,1.7976931348623157e+308,1.7976931348623157e+308,47080.0,1.7976931348623157e+308,1.7976931348623157e+308,1.7976931348623157e+308,1.7976931348623157e+308,127,0,0,0,0,150,0,0,0,0
20191126,10:58:57.500,2019-11-26 10:58:57.500000,cu2001,SHFE,47080.0,0,62444,215224.0,47180.0,47220.0,47010.0,47100.0,47070.0,49420.0,44710.0,14706851300.0,47070.0,1.7976931348623157e+308,1.7976931348623157e+308,1.7976931348623157e+308,1.7976931348623157e+308,47080.0,1.7976931348623157e+308,1.7976931348623157e+308,1.7976931348623157e+308,1.7976931348623157e+308,127,0,0,0,0,142,0,0,0,0
20191126,10:58:58.0,2019-11-26 10:58:58,cu2001,SHFE,47080.0,0,62444,215224.0,47180.0,47220.0,47010.0,47100.0,47070.0,49420.0,44710.0,14706851300.0,47070.0,1.7976931348623157e+308,1.7976931348623157e+308,1.7976931348623157e+308,1.7976931348623157e+308,47080.0,1.7976931348623157e+308,1.7976931348623157e+308,1.7976931348623157e+308,1.7976931348623157e+308,129,0,0,0,0,138,0,0,0,0
20191126,10:59:01.0,2019-11-26 10:59:01,cu2001,SHFE,47080.0,0,62446,215224.0,47180.0,47220.0,47010.0,47100.0,47070.0,49420.0,44710.0,14707322100.0,47070.0,1.7976931348623157e+308,1.7976931348623157e+308,1.7976931348623157e+308,1.7976931348623157e+308,47080.0,1.7976931348623157e+308,1.7976931348623157e+308,1.7976931348623157e+308,1.7976931348623157e+308,129,0,0,0,0,137,0,0,0,0
20191126,10:59:01.500,2019-11-26 10:59:01.500000,cu2001,SHFE,47080.0,0,62446,215224.0,47180.0,47220.0,47010.0,47100.0,47070.0,49420.0,44710.0,14707322100.0,47070.0,1.7976931348623157e+308,1.7976931348623157e+308,1.7976931348623157e+308,1.7976931348623157e+308,47080.0,1.7976931348623157e+308,1.7976931348623157e+308,1.7976931348623157e+308,1.7976931348623157e+308,129,0,0,0,0,141,0,0,0,0
20191126,10:59:04.0,2019-11-26 10:59:04,cu2001,SHFE,47080.0,0,62446,215224.0,47180.0,47220.0,47010.0,47100.0,47070.0,49420.0,44710.0,14707322100.0,47070.0,1.7976931348623157e+308,1.7976931348623157e+308,1.7976931348623157e+308,1.7976931348623157e+308,47080.0,1.7976931348623157e+308,1.7976931348623157e+308,1.7976931348623157e+308,1.7976931348623157e+308,129,0,0,0,0,141,0,0,0,0
20191126,10:59:06.0,2019-11-26 10:59:06,cu2001,SHFE,47080.0,0,62448,215222.0,47180.0,47220.0,47010.0,47100.0,47070.0,49420.0,44710.0,14707792900.0,47070.0,1.7976931348623157e+308,1.7976931348623157e+308,1.7976931348623157e+308,1.7976931348623157e+308,47080.0,1.7976931348623157e+308,1.7976931348623157e+308,1.7976931348623157e+308,1.7976931348623157e+308,129,0,0,0,0,140,0,0,0,0
20191126,10:59:07.0,2019-11-26 10:59:07,cu2001,SHFE,47080.0,0,62448,215222.0,47180.0,47220.0,47010.0,47100.0,47070.0,49420.0,44710.0,14707792900.0,47070.0,1.7976931348623157e+308,1.7976931348623157e+308,1.7976931348623157e+308,1.7976931348623157e+308,47080.0,1.7976931348623157e+308,1.7976931348623157e+308,1.7976931348623157e+308,1.7976931348623157e+308,124,0,0,0,0,140,0,0,0,0
20191126,10:59:08.0,2019-11-26 10:59:08,cu2001,SHFE,47080.0,0,62448,215222.0,47180.0,47220.0,47010.0,47100.0,47070.0,49420.0,44710.0,14707792900.0,47070.0,1.7976931348623157e+308,1.7976931348623157e+308,1.7976931348623157e+308,1.7976931348623157e+308,47080.0,1.7976931348623157e+308,1.7976931348623157e+308,1.7976931348623157e+308,1.7976931348623157e+308,124,0,0,0,0,142,0,0,0,0
20191126,10:59:08.500,2019-11-26 10:59:08.500000,cu2001,SHFE,47080.0,0,62448,215222.0,47180.0,47220.0,47010.0,47100.0,47070.0,49420.0,44710.0,14707792900.0,47070.0,1.7976931348623157e+308,1.7976931348623157e+308,1.7976931348623157e+308,1.7976931348623157e+308,47080.0,1.7976931348623157e+308,1.7976931348623157e+308,1.7976931348623157e+308,1.7976931348623157e+308,123,0,0,0,0,143,0,0,0,0
20191126,10:59:09.0,2019-11-26 10:59:09,cu2001,SHFE,47070.0,0,62452,215222.0,47180.0,47220.0,47010.0,47100.0,47070.0,49420.0,44710.0,14708734300.0,47070.0,1.7976931348623157e+308,1.7976931348623157e+308,1.7976931348623157e+308,1.7976931348623157e+308,47080.0,1.7976931348623157e+308,1.7976931348623157e+308,1.7976931348623157e+308,1.7976931348623157e+308,121,0,0,0,0,143,0,0,0,0
20191126,10:59:09.500,2019-11-26 10:59:09.500000,cu2001,SHFE,47070.0,0,62452,215222.0,47180.0,47220.0,47010.0,47100.0,47070.0,49420.0,44710.0,14708734300.0,47070.0,1.7976931348623157e+308,1.7976931348623157e+308,1.7976931348623157e+308,1.7976931348623157e+308,47080.0,1.7976931348623157e+308,1.7976931348623157e+308,1.7976931348623157e+308,1.7976931348623157e+308,120,0,0,0,0,144,0,0,0,0
20191126,10:59:10.0,2019-11-26 10:59:10,cu2001,SHFE,47070.0,0,62454,215222.0,47180.0,47220.0,47010.0,47100.0,47070.0,49420.0,44710.0,14709205000.0,47070.0,1.7976931348623157e+308,1.7976931348623157e+308,1.7976931348623157e+308,1.7976931348623157e+308,47080.0,1.7976931348623157e+308,1.7976931348623157e+308,1.7976931348623157e+308,1.7976931348623157e+308,117,0,0,0,0,144,0,0,0,0
20191126,10:59:10.500,2019-11-26 10:59:10.500000,cu2001,SHFE,47070.0,0,62454,215222.0,47180.0,47220.0,47010.0,47100.0,47070.0,49420.0,44710.0,14709205000.0,47070.0,1.7976931348623157e+308,1.7976931348623157e+308,1.7976931348623157e+308,1.7976931348623157e+308,47080.0,1.7976931348623157e+308,1.7976931348623157e+308,1.7976931348623157e+308,1.7976931348623157e+308,117,0,0,0,0,145,0,0,0,0
20191126,10:59:14.500,2019-11-26 10:59:14.500000,cu2001,SHFE,47070.0,0,62454,215222.0,47180.0,47220.0,47010.0,47100.0,47070.0,49420.0,44710.0,14709205000.0,47070.0,1.7976931348623157e+308,1.7976931348623157e+308,1.7976931348623157e+308,1.7976931348623157e+308,47080.0,1.7976931348623157e+308,1.7976931348623157e+308,1.7976931348623157e+308,1.7976931348623157e+308,117,0,0,0,0,145,0,0,0,0
20191126,10:59:16.500,2019-11-26 10:59:16.500000,cu2001,SHFE,47070.0,0,62454,215222.0,47180.0,47220.0,47010.0,47100.0,47070.0,49420.0,44710.0,14709205000.0,47070.0,1.7976931348623157e+308,1.7976931348623157e+308,1.7976931348623157e+308,1.7976931348623157e+308,47080.0,1.7976931348623157e+308,1.7976931348623157e+308,1.7976931348623157e+308,1.7976931348623157e+308,117,0,0,0,0,146,0,0,0,0
20191126,10:59:19.0,2019-11-26 10:59:19,cu2001,SHFE,47070.0,0,62454,215222.0,47180.0,47220.0,47010.0,47100.0,47070.0,49420.0,44710.0,14709205000.0,47070.0,1.7976931348623157e+308,1.7976931348623157e+308,1.7976931348623157e+308,1.7976931348623157e+308,47080.0,1.7976931348623157e+308,1.7976931348623157e+308,1.7976931348623157e+308,1.7976931348623157e+308,117,0,0,0,0,150,0,0,0,0
20191126,10:59:20.500,2019-11-26 10:59:20.500000,cu2001,SHFE,47070.0,0,62454,215222.0,47180.0,47220.0,47010.0,47100.0,47070.0,49420.0,44710.0,14709205000.0,47070.0,1.7976931348623157e+308,1.7976931348623157e+308,1.7976931348623157e+308,1.7976931348623157e+308,47080.0,1.7976931348623157e+308,1.7976931348623157e+308,1.7976931348623157e+308,1.7976931348623157e+308,117,0,0,0,0,150,0,0,0,0
20191126,10:59:31.0,2019-11-26 10:59:31,cu2001,SHFE,47070.0,0,62458,215224.0,47180.0,47220.0,47010.0,47100.0,47070.0,49420.0,44710.0,14710146400.0,47070.0,1.7976931348623157e+308,1.7976931348623157e+308,1.7976931348623157e+308,1.7976931348623157e+308,47080.0,1.7976931348623157e+308,1.7976931348623157e+308,1.7976931348623157e+308,1.7976931348623157e+308,115,0,0,0,0,150,0,0,0,0
20191126,10:59:33.500,2019-11-26 10:59:33.500000,cu2001,SHFE,47070.0,0,62462,215228.0,47180.0,47220.0,47010.0,47100.0,47070.0,49420.0,44710.0,14711087800.0,47070.0,1.7976931348623157e+308,1.7976931348623157e+308,1.7976931348623157e+308,1.7976931348623157e+308,47080.0,1.7976931348623157e+308,1.7976931348623157e+308,1.7976931348623157e+308,1.7976931348623157e+308,113,0,0,0,0,150,0,0,0,0
20191126,10:59:35.0,2019-11-26 10:59:35,cu2001,SHFE,47070.0,0,62462,215228.0,47180.0,47220.0,47010.0,47100.0,47070.0,49420.0,44710.0,14711087800.0,47070.0,1.7976931348623157e+308,1.7976931348623157e+308,1.7976931348623157e+308,1.7976931348623157e+308,47080.0,1.7976931348623157e+308,1.7976931348623157e+308,1.7976931348623157e+308,1.7976931348623157e+308,113,0,0,0,0,150,0,0,0,0
20191126,10:59:41.0,2019-11-26 10:59:41,cu2001,SHFE,47080.0,0,62464,215226.0,47180.0,47220.0,47010.0,47100.0,47070.0,49420.0,44710.0,14711558600.0,47070.0,1.7976931348623157e+308,1.7976931348623157e+308,1.7976931348623157e+308,1.7976931348623157e+308,47080.0,1.7976931348623157e+308,1.7976931348623157e+308,1.7976931348623157e+308,1.7976931348623157e+308,113,0,0,0,0,149,0,0,0,0
20191126,10:59:45.0,2019-11-26 10:59:45,cu2001,SHFE,47080.0,0,62464,215226.0,47180.0,47220.0,47010.0,47100.0,47070.0,49420.0,44710.0,14711558600.0,47070.0,1.7976931348623157e+308,1.7976931348623157e+308,1.7976931348623157e+308,1.7976931348623157e+308,47080.0,1.7976931348623157e+308,1.7976931348623157e+308,1.7976931348623157e+308,1.7976931348623157e+308,114,0,0,0,0,149,0,0,0,0
20191126,10:59:51.0,2019-11-26 10:59:51,cu2001,SHFE,47070.0,0,62466,215228.0,47180.0,47220.0,47010.0,47100.0,47070.0,49420.0,44710.0,14712029300.0,47070.0,1.7976931348623157e+308,1.7976931348623157e+308,1.7976931348623157e+308,1.7976931348623157e+308,47080.0,1.7976931348623157e+308,1.7976931348623157e+308,1.7976931348623157e+308,1.7976931348623157e+308,113,0,0,0,0,149,0,0,0,0
20191126,10:59:51.500,2019-11-26 10:59:51.500000,cu2001,SHFE,47070.0,0,62468,215230.0,47180.0,47220.0,47010.0,47100.0,47070.0,49420.0,44710.0,14712500000.0,47070.0,1.7976931348623157e+308,1.7976931348623157e+308,1.7976931348623157e+308,1.7976931348623157e+308,47080.0,1.7976931348623157e+308,1.7976931348623157e+308,1.7976931348623157e+308,1.7976931348623157e+308,112,0,0,0,0,149,0,0,0,0
20191126,10:59:57.500,2019-11-26 10:59:57.500000,cu2001,SHFE,47070.0,0,62468,215230.0,47180.0,47220.0,47010.0,47100.0,47070.0,49420.0,44710.0,14712500000.0,47070.0,1.7976931348623157e+308,1.7976931348623157e+308,1.7976931348623157e+308,1.7976931348623157e+308,47080.0,1.7976931348623157e+308,1.7976931348623157e+308,1.7976931348623157e+308,1.7976931348623157e+308,112,0,0,0,0,149,0,0,0,0
20191126,10:59:59.0,2019-11-26 10:59:59,cu2001,SHFE,47070.0,0,62468,215230.0,47180.0,47220.0,47010.0,47100.0,47070.0,49420.0,44710.0,14712500000.0,47070.0,1.7976931348623157e+308,1.7976931348623157e+308,1.7976931348623157e+308,1.7976931348623157e+308,47080.0,1.7976931348623157e+308,1.7976931348623157e+308,1.7976931348623157e+308,1.7976931348623157e+308,112,0,0,0,0,149,0,0,0,0
20191126,10:59:59.500,2019-11-26 10:59:59.500000,cu2001,SHFE,47070.0,0,62468,215230.0,47180.0,47220.0,47010.0,47100.0,47070.0,49420.0,44710.0,14712500000.0,47070.0,1.7976931348623157e+308,1.7976931348623157e+308,1.7976931348623157e+308,1.7976931348623157e+308,47080.0,1.7976931348623157e+308,1.7976931348623157e+308,1.7976931348623157e+308,1.7976931348623157e+308,113,0,0,0,0,149,0,0,0,0
20191126,11:00:01.500,2019-11-26 11:00:01.500000,cu2001,SHFE,47070.0,0,62468,215230.0,47180.0,47220.0,47010.0,47100.0,47070.0,49420.0,44710.0,14712500000.0,47070.0,1.7976931348623157e+308,1.7976931348623157e+308,1.7976931348623157e+308,1.7976931348623157e+308,47080.0,1.7976931348623157e+308,1.7976931348623157e+308,1.7976931348623157e+308,1.7976931348623157e+308,113,0,0,0,0,149,0,0,0,0
20191126,11:00:02.0,2019-11-26 11:00:02,cu2001,SHFE,47080.0,0,62472,215230.0,47180.0,47220.0,47010.0,47100.0,47070.0,49420.0,44710.0,14713441600.0,47070.0,1.7976931348623157e+308,1.7976931348623157e+308,1.7976931348623157e+308,1.7976931348623157e+308,47080.0,1.7976931348623157e+308,1.7976931348623157e+308,1.7976931348623157e+308,1.7976931348623157e+308,113,0,0,0,0,146,0,0,0,0
20191126,11:00:02.500,2019-11-26 11:00:02.500000,cu2001,SHFE,47080.0,0,62472,215230.0,47180.0,47220.0,47010.0,47100.0,47070.0,49420.0,44710.0,14713441600.0,47070.0,1.7976931348623157e+308,1.7976931348623157e+308,1.7976931348623157e+308,1.7976931348623157e+308,47080.0,1.7976931348623157e+308,1.7976931348623157e+308,1.7976931348623157e+308,1.7976931348623157e+308,115,0,0,0,0,155,0,0,0,0
20191126,11:00:03.0,2019-11-26 11:00:03,cu2001,SHFE,47080.0,0,62472,215230.0,47180.0,47220.0,47010.0,47100.0,47070.0,49420.0,44710.0,14713441600.0,47070.0,1.7976931348623157e+308,1.7976931348623157e+308,1.7976931348623157e+308,1.7976931348623157e+308,47080.0,1.7976931348623157e+308,1.7976931348623157e+308,1.7976931348623157e+308,1.7976931348623157e+308,115,0,0,0,0,158,0,0,0,0
20191126,11:00:03.500,2019-11-26 11:00:03.500000,cu2001,SHFE,47080.0,0,62472,215230.0,47180.0,47220.0,47010.0,47100.0,47070.0,49420.0,44710.0,14713441600.0,47070.0,1.7976931348623157e+308,1.7976931348623157e+308,1.7976931348623157e+308,1.7976931348623157e+308,47080.0,1.7976931348623157e+308,1.7976931348623157e+308,1.7976931348623157e+308,1.7976931348623157e+308,113,0,0,0,0,159,0,0,0,0
20191126,11:00:04.0,2019-11-26 11:00:04,cu2001,SHFE,47070.0,0,62474,215232.0,47180.0,47220.0,47010.0,47100.0,47070.0,49420.0,44710.0,14713912300.0,47070.0,1.7976931348623157e+308,1.7976931348623157e+308,1.7976931348623157e+308,1.7976931348623157e+308,47080.0,1.7976931348623157e+308,1.7976931348623157e+308,1.7976931348623157e+308,1.7976931348623157e+308,112,0,0,0,0,159,0,0,0,0
20191126,11:00:04.500,2019-11-26 11:00:04.500000,cu2001,SHFE,47070.0,0,62474,215232.0,47180.0,47220.0,47010.0,47100.0,47070.0,49420.0,44710.0,14713912300.0,47070.0,1.7976931348623157e+308,1.7976931348623157e+308,1.7976931348623157e+308,1.7976931348623157e+308,47080.0,1.7976931348623157e+308,1.7976931348623157e+308,1.7976931348623157e+308,1.7976931348623157e+308,112,0,0,0,0,160,0,0,0,0
20191126,11:00:05.0,2019-11-26 11:00:05,cu2001,SHFE,47070.0,0,62474,215232.0,47180.0,47220.0,47010.0,47100.0,47070.0,49420.0,44710.0,14713912300.0,47070.0,1.7976931348623157e+308,1.7976931348623157e+308,1.7976931348623157e+308,1.7976931348623157e+308,47080.0,1.7976931348623157e+308,1.7976931348623157e+308,1.7976931348623157e+308,1.7976931348623157e+308,112,0,0,0,0,177,0,0,0,0
20191126,11:00:05.500,2019-11-26 11:00:05.500000,cu2001,SHFE,47070.0,0,62474,215232.0,47180.0,47220.0,47010.0,47100.0,47070.0,49420.0,44710.0,14713912300.0,47070.0,1.7976931348623157e+308,1.7976931348623157e+308,1.7976931348623157e+308,1.7976931348623157e+308,47080.0,1.7976931348623157e+308,1.7976931348623157e+308,1.7976931348623157e+308,1.7976931348623157e+308,112,0,0,0,0,178,0,0,0,0
20191126,11:00:07.0,2019-11-26 11:00:07,cu2001,SHFE,47070.0,0,62476,215232.0,47180.0,47220.0,47010.0,47100.0,47070.0,49420.0,44710.0,14714383000.0,47070.0,1.7976931348623157e+308,1.7976931348623157e+308,1.7976931348623157e+308,1.7976931348623157e+308,47080.0,1.7976931348623157e+308,1.7976931348623157e+308,1.7976931348623157e+308,1.7976931348623157e+308,111,0,0,0,0,181,0,0,0,0
20191126,11:00:07.500,2019-11-26 11:00:07.500000,cu2001,SHFE,47070.0,0,62476,215232.0,47180.0,47220.0,47010.0,47100.0,47070.0,49420.0,44710.0,14714383000.0,47070.0,1.7976931348623157e+308,1.7976931348623157e+308,1.7976931348623157e+308,1.7976931348623157e+308,47080.0,1.7976931348623157e+308,1.7976931348623157e+308,1.7976931348623157e+308,1.7976931348623157e+308,111,0,0,0,0,181,0,0,0,0
20191126,11:00:09.500,2019-11-26 11:00:09.500000,cu2001,SHFE,47080.0,0,62478,215230.0,47180.0,47220.0,47010.0,47100.0,47070.0,49420.0,44710.0,14714853800.0,47070.0,1.7976931348623157e+308,1.7976931348623157e+308,1.7976931348623157e+308,1.7976931348623157e+308,47080.0,1.7976931348623157e+308,1.7976931348623157e+308,1.7976931348623157e+308,1.7976931348623157e+308,111,0,0,0,0,180,0,0,0,0
20191126,11:00:12.500,2019-11-26 11:00:12.500000,cu2001,SHFE,47080.0,0,62478,215230.0,47180.0,47220.0,47010.0,47100.0,47070.0,49420.0,44710.0,14714853800.0,47070.0,1.7976931348623157e+308,1.7976931348623157e+308,1.7976931348623157e+308,1.7976931348623157e+308,47080.0,1.7976931348623157e+308,1.7976931348623157e+308,1.7976931348623157e+308,1.7976931348623157e+308,111,0,0,0,0,180,0,0,0,0
20191126,11:00:13.0,2019-11-26 11:00:13,cu2001,SHFE,47080.0,0,62478,215230.0,47180.0,47220.0,47010.0,47100.0,47070.0,49420.0,44710.0,14714853800.0,47070.0,1.7976931348623157e+308,1.7976931348623157e+308,1.7976931348623157e+308,1.7976931348623157e+308,47080.0,1.7976931348623157e+308,1.7976931348623157e+308,1.7976931348623157e+308,1.7976931348623157e+308,120,0,0,0,0,180,0,0,0,0
20191126,11:00:21.500,2019-11-26 11:00:21.500000,cu2001,SHFE,47080.0,0,62478,215230.0,47180.0,47220.0,47010.0,47100.0,47070.0,49420.0,44710.0,14714853800.0,47070.0,1.7976931348623157e+308,1.7976931348623157e+308,1.7976931348623157e+308,1.7976931348623157e+308,47080.0,1.7976931348623157e+308,1.7976931348623157e+308,1.7976931348623157e+308,1.7976931348623157e+308,121,0,0,0,0,180,0,0,0,0
20191126,11:00:23.0,2019-11-26 11:00:23,cu2001,SHFE,47080.0,0,62484,215230.0,47180.0,47220.0,47010.0,47100.0,47070.0,49420.0,44710.0,14716266200.0,47070.0,1.7976931348623157e+308,1.7976931348623157e+308,1.7976931348623157e+308,1.7976931348623157e+308,47080.0,1.7976931348623157e+308,1.7976931348623157e+308,1.7976931348623157e+308,1.7976931348623157e+308,121,0,0,0,0,177,0,0,0,0
20191126,11:00:23.500,2019-11-26 11:00:23.500000,cu2001,SHFE,47080.0,0,62484,215230.0,47180.0,47220.0,47010.0,47100.0,47070.0,49420.0,44710.0,14716266200.0,47070.0,1.7976931348623157e+308,1.7976931348623157e+308,1.7976931348623157e+308,1.7976931348623157e+308,47080.0,1.7976931348623157e+308,1.7976931348623157e+308,1.7976931348623157e+308,1.7976931348623157e+308,123,0,0,0,0,177,0,0,0,0
20191126,11:00:25.0,2019-11-26 11:00:25,cu2001,SHFE,47080.0,0,62484,215230.0,47180.0,47220.0,47010.0,47100.0,47070.0,49420.0,44710.0,14716266200.0,47070.0,1.7976931348623157e+308,1.7976931348623157e+308,1.7976931348623157e+308,1.7976931348623157e+308,47080.0,1.7976931348623157e+308,1.7976931348623157e+308,1.7976931348623157e+308,1.7976931348623157e+308,123,0,0,0,0,177,0,0,0,0
20191126,11:00:25.500,2019-11-26 11:00:25.500000,cu2001,SHFE,47080.0,0,62484,215230.0,47180.0,47220.0,47010.0,47100.0,47070.0,49420.0,44710.0,14716266200.0,47070.0,1.7976931348623157e+308,1.7976931348623157e+308,1.7976931348623157e+308,1.7976931348623157e+308,47080.0,1.7976931348623157e+308,1.7976931348623157e+308,1.7976931348623157e+308,1.7976931348623157e+308,123,0,0,0,0,182,0,0,0,0
20191126,11:00:27.0,2019-11-26 11:00:27,cu2001,SHFE,47080.0,0,62484,215230.0,47180.0,47220.0,47010.0,47100.0,47070.0,49420.0,44710.0,14716266200.0,47070.0,1.7976931348623157e+308,1.7976931348623157e+308,1.7976931348623157e+308,1.7976931348623157e+308,47080.0,1.7976931348623157e+308,1.7976931348623157e+308,1.7976931348623157e+308,1.7976931348623157e+308,114,0,0,0,0,182,0,0,0,0
20191126,11:00:36.0,2019-11-26 11:00:36,cu2001,SHFE,47080.0,0,62484,215230.0,47180.0,47220.0,47010.0,47100.0,47070.0,49420.0,44710.0,14716266200.0,47070.0,1.7976931348623157e+308,1.7976931348623157e+308,1.7976931348623157e+308,1.7976931348623157e+308,47080.0,1.7976931348623157e+308,1.7976931348623157e+308,1.7976931348623157e+308,1.7976931348623157e+308,114,0,0,0,0,182,0,0,0,0
20191126,11:00:41.0,2019-11-26 11:00:41,cu2001,SHFE,47080.0,0,62484,215230.0,47180.0,47220.0,47010.0,47100.0,47070.0,49420.0,44710.0,14716266200.0,47070.0,1.7976931348623157e+308,1.7976931348623157e+308,1.7976931348623157e+308,1.7976931348623157e+308,47080.0,1.7976931348623157e+308,1.7976931348623157e+308,1.7976931348623157e+308,1.7976931348623157e+308,114,0,0,0,0,183,0,0,0,0
20191126,11:00:44.500,2019-11-26 11:00:44.500000,cu2001,SHFE,47080.0,0,62484,215230.0,47180.0,47220.0,47010.0,47100.0,47070.0,49420.0,44710.0,14716266200.0,47070.0,1.7976931348623157e+308,1.7976931348623157e+308,1.7976931348623157e+308,1.7976931348623157e+308,47080.0,1.7976931348623157e+308,1.7976931348623157e+308,1.7976931348623157e+308,1.7976931348623157e+308,114,0,0,0,0,183,0,0,0,0
20191126,11:00:46.0,2019-11-26 11:00:46,cu2001,SHFE,47080.0,0,62484,215230.0,47180.0,47220.0,47010.0,47100.0,47070.0,49420.0,44710.0,14716266200.0,47070.0,1.7976931348623157e+308,1.7976931348623157e+308,1.7976931348623157e+308,1.7976931348623157e+308,47080.0,1.7976931348623157e+308,1.7976931348623157e+308,1.7976931348623157e+308,1.7976931348623157e+308,114,0,0,0,0,183,0,0,0,0
20191126,11:00:49.500,2019-11-26 11:00:49.500000,cu2001,SHFE,47080.0,0,62484,215230.0,47180.0,47220.0,47010.0,47100.0,47070.0,49420.0,44710.0,14716266200.0,47070.0,1.7976931348623157e+308,1.7976931348623157e+308,1.7976931348623157e+308,1.7976931348623157e+308,47080.0,1.7976931348623157e+308,1.7976931348623157e+308,1.7976931348623157e+308,1.7976931348623157e+308,114,0,0,0,0,184,0,0,0,0
20191126,11:00:50.0,2019-11-26 11:00:50,cu2001,SHFE,47080.0,0,62484,215230.0,47180.0,47220.0,47010.0,47100.0,47070.0,49420.0,44710.0,14716266200.0,47070.0,1.7976931348623157e+308,1.7976931348623157e+308,1.7976931348623157e+308,1.7976931348623157e+308,47080.0,1.7976931348623157e+308,1.7976931348623157e+308,1.7976931348623157e+308,1.7976931348623157e+308,114,0,0,0,0,185,0,0,0,0
20191126,11:00:50.500,2019-11-26 11:00:50.500000,cu2001,SHFE,47080.0,0,62486,215232.0,47180.0,47220.0,47010.0,47100.0,47070.0,49420.0,44710.0,14716737000.0,47070.0,1.7976931348623157e+308,1.7976931348623157e+308,1.7976931348623157e+308,1.7976931348623157e+308,47080.0,1.7976931348623157e+308,1.7976931348623157e+308,1.7976931348623157e+308,1.7976931348623157e+308,114,0,0,0,0,184,0,0,0,0
20191126,11:00:53.0,2019-11-26 11:00:53,cu2001,SHFE,47070.0,0,62488,215234.0,47180.0,47220.0,47010.0,47100.0,47070.0,49420.0,44710.0,14717207700.0,47070.0,1.7976931348623157e+308,1.7976931348623157e+308,1.7976931348623157e+308,1.7976931348623157e+308,47080.0,1.7976931348623157e+308,1.7976931348623157e+308,1.7976931348623157e+308,1.7976931348623157e+308,113,0,0,0,0,184,0,0,0,0
20191126,11:01:00.500,2019-11-26 11:01:00.500000,cu2001,SHFE,47070.0,0,62488,215234.0,47180.0,47220.0,47010.0,47100.0,47070.0,49420.0,44710.0,14717207700.0,47070.0,1.7976931348623157e+308,1.7976931348623157e+308,1.7976931348623157e+308,1.7976931348623157e+308,47080.0,1.7976931348623157e+308,1.7976931348623157e+308,1.7976931348623157e+308,1.7976931348623157e+308,122,0,0,0,0,184,0,0,0,0
20191126,11:01:01.0,2019-11-26 11:01:01,cu2001,SHFE,47070.0,0,62488,215234.0,47180.0,47220.0,47010.0,47100.0,47070.0,49420.0,44710.0,14717207700.0,47070.0,1.7976931348623157e+308,1.7976931348623157e+308,1.7976931348623157e+308,1.7976931348623157e+308,47080.0,1.7976931348623157e+308,1.7976931348623157e+308,1.7976931348623157e+308,1.7976931348623157e+308,122,0,0,0,0,181,0,0,0,0
20191126,11:01:09.0,2019-11-26 11:01:09,cu2001,SHFE,47070.0,0,62490,215234.0,47180.0,47220.0,47010.0,47100.0,47070.0,49420.0,44710.0,14717678400.0,47070.0,1.7976931348623157e+308,1.7976931348623157e+308,1.7976931348623157e+308,1.7976931348623157e+308,47080.0,1.7976931348623157e+308,1.7976931348623157e+308,1.7976931348623157e+308,1.7976931348623157e+308,121,0,0,0,0,181,0,0,0,0
20191126,11:01:10.500,2019-11-26 11:01:10.500000,cu2001,SHFE,47070.0,0,62490,215234.0,47180.0,47220.0,47010.0,47100.0,47070.0,49420.0,44710.0,14717678400.0,47070.0,1.7976931348623157e+308,1.7976931348623157e+308,1.7976931348623157e+308,1.7976931348623157e+308,47080.0,1.7976931348623157e+308,1.7976931348623157e+308,1.7976931348623157e+308,1.7976931348623157e+308,121,0,0,0,0,181,0,0,0,0
20191126,11:01:19.0,2019-11-26 11:01:19,cu2001,SHFE,47070.0,0,62490,215234.0,47180.0,47220.0,47010.0,47100.0,47070.0,49420.0,44710.0,14717678400.0,47070.0,1.7976931348623157e+308,1.7976931348623157e+308,1.7976931348623157e+308,1.7976931348623157e+308,47080.0,1.7976931348623157e+308,1.7976931348623157e+308,1.7976931348623157e+308,1.7976931348623157e+308,121,0,0,0,0,181,0,0,0,0
20191126,11:01:22.0,2019-11-26 11:01:22,cu2001,SHFE,47080.0,0,62492,215234.0,47180.0,47220.0,47010.0,47100.0,47070.0,49420.0,44710.0,14718149200.0,47070.0,1.7976931348623157e+308,1.7976931348623157e+308,1.7976931348623157e+308,1.7976931348623157e+308,47080.0,1.7976931348623157e+308,1.7976931348623157e+308,1.7976931348623157e+308,1.7976931348623157e+308,121,0,0,0,0,178,0,0,0,0
20191126,11:01:22.500,2019-11-26 11:01:22.500000,cu2001,SHFE,47080.0,0,62492,215234.0,47180.0,47220.0,47010.0,47100.0,47070.0,49420.0,44710.0,14718149200.0,47070.0,1.7976931348623157e+308,1.7976931348623157e+308,1.7976931348623157e+308,1.7976931348623157e+308,47080.0,1.7976931348623157e+308,1.7976931348623157e+308,1.7976931348623157e+308,1.7976931348623157e+308,121,0,0,0,0,180,0,0,0,0
20191126,11:01:26.500,2019-11-26 11:01:26.500000,cu2001,SHFE,47080.0,0,62492,215234.0,47180.0,47220.0,47010.0,47100.0,47070.0,49420.0,44710.0,14718149200.0,47070.0,1.7976931348623157e+308,1.7976931348623157e+308,1.7976931348623157e+308,1.7976931348623157e+308,47080.0,1.7976931348623157e+308,1.7976931348623157e+308,1.7976931348623157e+308,1.7976931348623157e+308,121,0,0,0,0,181,0,0,0,0
20191126,11:01:28.500,2019-11-26 11:01:28.500000,cu2001,SHFE,47080.0,0,62492,215234.0,47180.0,47220.0,47010.0,47100.0,47070.0,49420.0,44710.0,14718149200.0,47070.0,1.7976931348623157e+308,1.7976931348623157e+308,1.7976931348623157e+308,1.7976931348623157e+308,47080.0,1.7976931348623157e+308,1.7976931348623157e+308,1.7976931348623157e+308,1.7976931348623157e+308,121,0,0,0,0,182,0,0,0,0
20191126,11:01:29.0,2019-11-26 11:01:29,cu2001,SHFE,47080.0,0,62492,215234.0,47180.0,47220.0,47010.0,47100.0,47070.0,49420.0,44710.0,14718149200.0,47070.0,1.7976931348623157e+308,1.7976931348623157e+308,1.7976931348623157e+308,1.7976931348623157e+308,47080.0,1.7976931348623157e+308,1.7976931348623157e+308,1.7976931348623157e+308,1.7976931348623157e+308,121,0,0,0,0,183,0,0,0,0
20191126,11:01:30.0,2019-11-26 11:01:30,cu2001,SHFE,47070.0,0,62496,215234.0,47180.0,47220.0,47010.0,47100.0,47070.0,49420.0,44710.0,14719090600.0,47070.0,1.7976931348623157e+308,1.7976931348623157e+308,1.7976931348623157e+308,1.7976931348623157e+308,47080.0,1.7976931348623157e+308,1.7976931348623157e+308,1.7976931348623157e+308,1.7976931348623157e+308,119,0,0,0,0,183,0,0,0,0
20191126,11:01:30.500,2019-11-26 11:01:30.500000,cu2001,SHFE,47080.0,0,62498,215234.0,47180.0,47220.0,47010.0,47100.0,47070.0,49420.0,44710.0,14719561400.0,47070.0,1.7976931348623157e+308,1.7976931348623157e+308,1.7976931348623157e+308,1.7976931348623157e+308,47080.0,1.7976931348623157e+308,1.7976931348623157e+308,1.7976931348623157e+308,1.7976931348623157e+308,119,0,0,0,0,182,0,0,0,0
20191126,11:01:31.0,2019-11-26 11:01:31,cu2001,SHFE,47070.0,0,62500,215234.0,47180.0,47220.0,47010.0,47100.0,47070.0,49420.0,44710.0,14720032100.0,47070.0,1.7976931348623157e+308,1.7976931348623157e+308,1.7976931348623157e+308,1.7976931348623157e+308,47080.0,1.7976931348623157e+308,1.7976931348623157e+308,1.7976931348623157e+308,1.7976931348623157e+308,118,0,0,0,0,182,0,0,0,0
20191126,11:01:31.500,2019-11-26 11:01:31.500000,cu2001,SHFE,47070.0,0,62500,215234.0,47180.0,47220.0,47010.0,47100.0,47070.0,49420.0,44710.0,14720032100.0,47070.0,1.7976931348623157e+308,1.7976931348623157e+308,1.7976931348623157e+308,1.7976931348623157e+308,47080.0,1.7976931348623157e+308,1.7976931348623157e+308,1.7976931348623157e+308,1.7976931348623157e+308,119,0,0,0,0,182,0,0,0,0
20191126,11:01:35.0,2019-11-26 11:01:35,cu2001,SHFE,47070.0,0,62500,215234.0,47180.0,47220.0,47010.0,47100.0,47070.0,49420.0,44710.0,14720032100.0,47070.0,1.7976931348623157e+308,1.7976931348623157e+308,1.7976931348623157e+308,1.7976931348623157e+308,47080.0,1.7976931348623157e+308,1.7976931348623157e+308,1.7976931348623157e+308,1.7976931348623157e+308,119,0,0,0,0,183,0,0,0,0
20191126,11:01:38.500,2019-11-26 11:01:38.500000,cu2001,SHFE,47070.0,0,62500,215234.0,47180.0,47220.0,47010.0,47100.0,47070.0,49420.0,44710.0,14720032100.0,47070.0,1.7976931348623157e+308,1.7976931348623157e+308,1.7976931348623157e+308,1.7976931348623157e+308,47080.0,1.7976931348623157e+308,1.7976931348623157e+308,1.7976931348623157e+308,1.7976931348623157e+308,119,0,0,0,0,83,0,0,0,0
20191126,11:01:39.0,2019-11-26 11:01:39,cu2001,SHFE,47070.0,0,62700,215378.0,47180.0,47220.0,47010.0,47100.0,47070.0,49420.0,44710.0,14767102100.0,47070.0,1.7976931348623157e+308,1.7976931348623157e+308,1.7976931348623157e+308,1.7976931348623157e+308,47080.0,1.7976931348623157e+308,1.7976931348623157e+308,1.7976931348623157e+308,1.7976931348623157e+308,21,0,0,0,0,79,0,0,0,0
20191126,11:01:39.500,2019-11-26 11:01:39.500000,cu2001,SHFE,47070.0,0,62710,215380.0,47180.0,47220.0,47010.0,47100.0,47070.0,49420.0,44710.0,14769455600.0,47070.0,1.7976931348623157e+308,1.7976931348623157e+308,1.7976931348623157e+308,1.7976931348623157e+308,47080.0,1.7976931348623157e+308,1.7976931348623157e+308,1.7976931348623157e+308,1.7976931348623157e+308,28,0,0,0,0,105,0,0,0,0
20191126,11:01:40.0,2019-11-26 11:01:40,cu2001,SHFE,47070.0,0,62710,215380.0,47180.0,47220.0,47010.0,47100.0,47070.0,49420.0,44710.0,14769455600.0,47070.0,1.7976931348623157e+308,1.7976931348623157e+308,1.7976931348623157e+308,1.7976931348623157e+308,47080.0,1.7976931348623157e+308,1.7976931348623157e+308,1.7976931348623157e+308,1.7976931348623157e+308,36,0,0,0,0,105,0,0,0,0
20191126,11:01:40.500,2019-11-26 11:01:40.500000,cu2001,SHFE,47070.0,0,62710,215380.0,47180.0,47220.0,47010.0,47100.0,47070.0,49420.0,44710.0,14769455600.0,47070.0,1.7976931348623157e+308,1.7976931348623157e+308,1.7976931348623157e+308,1.7976931348623157e+308,47080.0,1.7976931348623157e+308,1.7976931348623157e+308,1.7976931348623157e+308,1.7976931348623157e+308,37,0,0,0,0,105,0,0,0,0
20191126,11:01:42.500,2019-11-26 11:01:42.500000,cu2001,SHFE,47080.0,0,62712,215382.0,47180.0,47220.0,47010.0,47100.0,47070.0,49420.0,44710.0,14769926400.0,47070.0,1.7976931348623157e+308,1.7976931348623157e+308,1.7976931348623157e+308,1.7976931348623157e+308,47080.0,1.7976931348623157e+308,1.7976931348623157e+308,1.7976931348623157e+308,1.7976931348623157e+308,37,0,0,0,0,104,0,0,0,0
20191126,11:01:43.0,2019-11-26 11:01:43,cu2001,SHFE,47080.0,0,62712,215382.0,47180.0,47220.0,47010.0,47100.0,47070.0,49420.0,44710.0,14769926400.0,47070.0,1.7976931348623157e+308,1.7976931348623157e+308,1.7976931348623157e+308,1.7976931348623157e+308,47080.0,1.7976931348623157e+308,1.7976931348623157e+308,1.7976931348623157e+308,1.7976931348623157e+308,37,0,0,0,0,105,0,0,0,0
20191126,11:01:43.500,2019-11-26 11:01:43.500000,cu2001,SHFE,47080.0,0,62712,215382.0,47180.0,47220.0,47010.0,47100.0,47070.0,49420.0,44710.0,14769926400.0,47070.0,1.7976931348623157e+308,1.7976931348623157e+308,1.7976931348623157e+308,1.7976931348623157e+308,47080.0,1.7976931348623157e+308,1.7976931348623157e+308,1.7976931348623157e+308,1.7976931348623157e+308,44,0,0,0,0,105,0,0,0,0
20191126,11:01:44.0,2019-11-26 11:01:44,cu2001,SHFE,47080.0,0,62712,215382.0,47180.0,47220.0,47010.0,47100.0,47070.0,49420.0,44710.0,14769926400.0,47070.0,1.7976931348623157e+308,1.7976931348623157e+308,1.7976931348623157e+308,1.7976931348623157e+308,47080.0,1.7976931348623157e+308,1.7976931348623157e+308,1.7976931348623157e+308,1.7976931348623157e+308,44,0,0,0,0,106,0,0,0,0
20191126,11:01:44.500,2019-11-26 11:01:44.500000,cu2001,SHFE,47080.0,0,62712,215382.0,47180.0,47220.0,47010.0,47100.0,47070.0,49420.0,44710.0,14769926400.0,47070.0,1.7976931348623157e+308,1.7976931348623157e+308,1.7976931348623157e+308,1.7976931348623157e+308,47080.0,1.7976931348623157e+308,1.7976931348623157e+308,1.7976931348623157e+308,1.7976931348623157e+308,44,0,0,0,0,107,0,0,0,0
20191126,11:01:45.500,2019-11-26 11:01:45.500000,cu2001,SHFE,47080.0,0,62712,215382.0,47180.0,47220.0,47010.0,47100.0,47070.0,49420.0,44710.0,14769926400.0,47070.0,1.7976931348623157e+308,1.7976931348623157e+308,1.7976931348623157e+308,1.7976931348623157e+308,47080.0,1.7976931348623157e+308,1.7976931348623157e+308,1.7976931348623157e+308,1.7976931348623157e+308,44,0,0,0,0,108,0,0,0,0
20191126,11:01:50.0,2019-11-26 11:01:50,cu2001,SHFE,47080.0,0,62716,215384.0,47180.0,47220.0,47010.0,47100.0,47070.0,49420.0,44710.0,14770868000.0,47070.0,1.7976931348623157e+308,1.7976931348623157e+308,1.7976931348623157e+308,1.7976931348623157e+308,47080.0,1.7976931348623157e+308,1.7976931348623157e+308,1.7976931348623157e+308,1.7976931348623157e+308,44,0,0,0,0,106,0,0,0,0
20191126,11:01:50.500,2019-11-26 11:01:50.500000,cu2001,SHFE,47080.0,0,62716,215384.0,47180.0,47220.0,47010.0,47100.0,47070.0,49420.0,44710.0,14770868000.0,47070.0,1.7976931348623157e+308,1.7976931348623157e+308,1.7976931348623157e+308,1.7976931348623157e+308,47080.0,1.7976931348623157e+308,1.7976931348623157e+308,1.7976931348623157e+308,1.7976931348623157e+308,44,0,0,0,0,105,0,0,0,0
20191126,11:01:51.0,2019-11-26 11:01:51,cu2001,SHFE,47080.0,0,62716,215384.0,47180.0,47220.0,47010.0,47100.0,47070.0,49420.0,44710.0,14770868000.0,47070.0,1.7976931348623157e+308,1.7976931348623157e+308,1.7976931348623157e+308,1.7976931348623157e+308,47080.0,1.7976931348623157e+308,1.7976931348623157e+308,1.7976931348623157e+308,1.7976931348623157e+308,44,0,0,0,0,105,0,0,0,0
20191126,11:01:52.500,2019-11-26 11:01:52.500000,cu2001,SHFE,47070.0,0,62720,215384.0,47180.0,47220.0,47010.0,47100.0,47070.0,49420.0,44710.0,14771809400.0,47070.0,1.7976931348623157e+308,1.7976931348623157e+308,1.7976931348623157e+308,1.7976931348623157e+308,47080.0,1.7976931348623157e+308,1.7976931348623157e+308,1.7976931348623157e+308,1.7976931348623157e+308,42,0,0,0,0,107,0,0,0,0
20191126,11:01:53.0,2019-11-26 11:01:53,cu2001,SHFE,47070.0,0,62720,215384.0,47180.0,47220.0,47010.0,47100.0,47070.0,49420.0,44710.0,14771809400.0,47070.0,1.7976931348623157e+308,1.7976931348623157e+308,1.7976931348623157e+308,1.7976931348623157e+308,47080.0,1.7976931348623157e+308,1.7976931348623157e+308,1.7976931348623157e+308,1.7976931348623157e+308,40,0,0,0,0,107,0,0,0,0
20191126,11:01:53.500,2019-11-26 11:01:53.500000,cu2001,SHFE,47070.0,0,62728,215384.0,47180.0,47220.0,47010.0,47100.0,47070.0,49420.0,44710.0,14773692200.0,47070.0,1.7976931348623157e+308,1.7976931348623157e+308,1.7976931348623157e+308,1.7976931348623157e+308,47080.0,1.7976931348623157e+308,1.7976931348623157e+308,1.7976931348623157e+308,1.7976931348623157e+308,36,0,0,0,0,107,0,0,0,0
20191126,11:01:54.0,2019-11-26 11:01:54,cu2001,SHFE,47070.0,0,62736,215384.0,47180.0,47220.0,47010.0,47100.0,47070.0,49420.0,44710.0,14775575000.0,47070.0,1.7976931348623157e+308,1.7976931348623157e+308,1.7976931348623157e+308,1.7976931348623157e+308,47080.0,1.7976931348623157e+308,1.7976931348623157e+308,1.7976931348623157e+308,1.7976931348623157e+308,32,0,0,0,0,107,0,0,0,0
20191126,11:01:54.500,2019-11-26 11:01:54.500000,cu2001,SHFE,47070.0,0,62752,215398.0,47180.0,47220.0,47010.0,47100.0,47070.0,49420.0,44710.0,14779340600.0,47070.0,1.7976931348623157e+308,1.7976931348623157e+308,1.7976931348623157e+308,1.7976931348623157e+308,47080.0,1.7976931348623157e+308,1.7976931348623157e+308,1.7976931348623157e+308,1.7976931348623157e+308,24,0,0,0,0,109,0,0,0,0
20191126,11:01:55.0,2019-11-26 11:01:55,cu2001,SHFE,47070.0,0,62752,215398.0,47180.0,47220.0,47010.0,47100.0,47070.0,49420.0,44710.0,14779340600.0,47070.0,1.7976931348623157e+308,1.7976931348623157e+308,1.7976931348623157e+308,1.7976931348623157e+308,47080.0,1.7976931348623157e+308,1.7976931348623157e+308,1.7976931348623157e+308,1.7976931348623157e+308,25,0,0,0,0,109,0,0,0,0
20191126,11:01:55.500,2019-11-26 11:01:55.500000,cu2001,SHFE,47070.0,0,62756,215402.0,47180.0,47220.0,47010.0,47100.0,47070.0,49420.0,44710.0,14780282000.0,47070.0,1.7976931348623157e+308,1.7976931348623157e+308,1.7976931348623157e+308,1.7976931348623157e+308,47080.0,1.7976931348623157e+308,1.7976931348623157e+308,1.7976931348623157e+308,1.7976931348623157e+308,23,0,0,0,0,109,0,0,0,0
20191126,11:01:56.500,2019-11-26 11:01:56.500000,cu2001,SHFE,47070.0,0,62756,215402.0,47180.0,47220.0,47010.0,47100.0,47070.0,49420.0,44710.0,14780282000.0,47070.0,1.7976931348623157e+308,1.7976931348623157e+308,1.7976931348623157e+308,1.7976931348623157e+308,47080.0,1.7976931348623157e+308,1.7976931348623157e+308,1.7976931348623157e+308,1.7976931348623157e+308,33,0,0,0,0,109,0,0,0,0
20191126,11:01:57.0,2019-11-26 11:01:57,cu2001,SHFE,47070.0,0,62756,215402.0,47180.0,47220.0,47010.0,47100.0,47070.0,49420.0,44710.0,14780282000.0,47070.0,1.7976931348623157e+308,1.7976931348623157e+308,1.7976931348623157e+308,1.7976931348623157e+308,47080.0,1.7976931348623157e+308,1.7976931348623157e+308,1.7976931348623157e+308,1.7976931348623157e+308,33,0,0,0,0,108,0,0,0,0
20191126,11:02:07.0,2019-11-26 11:02:07,cu2001,SHFE,47070.0,0,62756,215402.0,47180.0,47220.0,47010.0,47100.0,47070.0,49420.0,44710.0,14780282000.0,47070.0,1.7976931348623157e+308,1.7976931348623157e+308,1.7976931348623157e+308,1.7976931348623157e+308,47080.0,1.7976931348623157e+308,1.7976931348623157e+308,1.7976931348623157e+308,1.7976931348623157e+308,33,0,0,0,0,108,0,0,0,0
20191126,11:02:07.500,2019-11-26 11:02:07.500000,cu2001,SHFE,47070.0,0,62756,215402.0,47180.0,47220.0,47010.0,47100.0,47070.0,49420.0,44710.0,14780282000.0,47070.0,1.7976931348623157e+308,1.7976931348623157e+308,1.7976931348623157e+308,1.7976931348623157e+308,47080.0,1.7976931348623157e+308,1.7976931348623157e+308,1.7976931348623157e+308,1.7976931348623157e+308,34,0,0,0,0,109,0,0,0,0
20191126,11:02:09.0,2019-11-26 11:02:09,cu2001,SHFE,47070.0,0,62756,215402.0,47180.0,47220.0,47010.0,47100.0,47070.0,49420.0,44710.0,14780282000.0,47070.0,1.7976931348623157e+308,1.7976931348623157e+308,1.7976931348623157e+308,1.7976931348623157e+308,47080.0,1.7976931348623157e+308,1.7976931348623157e+308,1.7976931348623157e+308,1.7976931348623157e+308,34,0,0,0,0,109,0,0,0,0
20191126,11:02:09.500,2019-11-26 11:02:09.500000,cu2001,SHFE,47070.0,0,62758,215402.0,47180.0,47220.0,47010.0,47100.0,47070.0,49420.0,44710.0,14780752700.0,47070.0,1.7976931348623157e+308,1.7976931348623157e+308,1.7976931348623157e+308,1.7976931348623157e+308,47080.0,1.7976931348623157e+308,1.7976931348623157e+308,1.7976931348623157e+308,1.7976931348623157e+308,33,0,0,0,0,109,0,0,0,0
20191126,11:02:14.500,2019-11-26 11:02:14.500000,cu2001,SHFE,47070.0,0,62758,215402.0,47180.0,47220.0,47010.0,47100.0,47070.0,49420.0,44710.0,14780752700.0,47070.0,1.7976931348623157e+308,1.7976931348623157e+308,1.7976931348623157e+308,1.7976931348623157e+308,47080.0,1.7976931348623157e+308,1.7976931348623157e+308,1.7976931348623157e+308,1.7976931348623157e+308,33,0,0,0,0,109,0,0,0,0
20191126,11:02:17.0,2019-11-26 11:02:17,cu2001,SHFE,47070.0,0,62758,215402.0,47180.0,47220.0,47010.0,47100.0,47070.0,49420.0,44710.0,14780752700.0,47070.0,1.7976931348623157e+308,1.7976931348623157e+308,1.7976931348623157e+308,1.7976931348623157e+308,47080.0,1.7976931348623157e+308,1.7976931348623157e+308,1.7976931348623157e+308,1.7976931348623157e+308,33,0,0,0,0,209,0,0,0,0
20191126,11:02:17.500,2019-11-26 11:02:17.500000,cu2001,SHFE,47070.0,0,62758,215402.0,47180.0,47220.0,47010.0,47100.0,47070.0,49420.0,44710.0,14780752700.0,47070.0,1.7976931348623157e+308,1.7976931348623157e+308,1.7976931348623157e+308,1.7976931348623157e+308,47080.0,1.7976931348623157e+308,1.7976931348623157e+308,1.7976931348623157e+308,1.7976931348623157e+308,33,0,0,0,0,210,0,0,0,0
20191126,11:02:23.500,2019-11-26 11:02:23.500000,cu2001,SHFE,47070.0,0,62758,215402.0,47180.0,47220.0,47010.0,47100.0,47070.0,49420.0,44710.0,14780752700.0,47070.0,1.7976931348623157e+308,1.7976931348623157e+308,1.7976931348623157e+308,1.7976931348623157e+308,47080.0,1.7976931348623157e+308,1.7976931348623157e+308,1.7976931348623157e+308,1.7976931348623157e+308,38,0,0,0,0,210,0,0,0,0
20191126,11:02:24.500,2019-11-26 11:02:24.500000,cu2001,SHFE,47070.0,0,62766,215410.0,47180.0,47220.0,47010.0,47100.0,47070.0,49420.0,44710.0,14782635500.0,47070.0,1.7976931348623157e+308,1.7976931348623157e+308,1.7976931348623157e+308,1.7976931348623157e+308,47080.0,1.7976931348623157e+308,1.7976931348623157e+308,1.7976931348623157e+308,1.7976931348623157e+308,34,0,0,0,0,210,0,0,0,0
20191126,11:02:30.0,2019-11-26 11:02:30,cu2001,SHFE,47070.0,0,62766,215410.0,47180.0,47220.0,47010.0,47100.0,47070.0,49420.0,44710.0,14782635500.0,47070.0,1.7976931348623157e+308,1.7976931348623157e+308,1.7976931348623157e+308,1.7976931348623157e+308,47080.0,1.7976931348623157e+308,1.7976931348623157e+308,1.7976931348623157e+308,1.7976931348623157e+308,33,0,0,0,0,210,0,0,0,0
20191126,11:02:30.500,2019-11-26 11:02:30.500000,cu2001,SHFE,47070.0,0,62766,215410.0,47180.0,47220.0,47010.0,47100.0,47070.0,49420.0,44710.0,14782635500.0,47070.0,1.7976931348623157e+308,1.7976931348623157e+308,1.7976931348623157e+308,1.7976931348623157e+308,47080.0,1.7976931348623157e+308,1.7976931348623157e+308,1.7976931348623157e+308,1.7976931348623157e+308,33,0,0,0,0,210,0,0,0,0
20191126,11:02:31.500,2019-11-26 11:02:31.500000,cu2001,SHFE,47070.0,0,62766,215410.0,47180.0,47220.0,47010.0,47100.0,47070.0,49420.0,44710.0,14782635500.0,47070.0,1.7976931348623157e+308,1.7976931348623157e+308,1.7976931348623157e+308,1.7976931348623157e+308,47080.0,1.7976931348623157e+308,1.7976931348623157e+308,1.7976931348623157e+308,1.7976931348623157e+308,33,0,0,0,0,210,0,0,0,0
20191126,11:02:38.500,2019-11-26 11:02:38.500000,cu2001,SHFE,47070.0,0,62782,215416.0,47180.0,47220.0,47010.0,47100.0,47070.0,49420.0,44710.0,14786401100.0,47070.0,1.7976931348623157e+308,1.7976931348623157e+308,1.7976931348623157e+308,1.7976931348623157e+308,47080.0,1.7976931348623157e+308,1.7976931348623157e+308,1.7976931348623157e+308,1.7976931348623157e+308,25,0,0,0,0,110,0,0,0,0
20191126,11:02:39.0,2019-11-26 11:02:39,cu2001,SHFE,47070.0,0,62836,215420.0,47180.0,47220.0,47010.0,47100.0,47070.0,49420.0,44710.0,14799110000.0,47060.0,1.7976931348623157e+308,1.7976931348623157e+308,1.7976931348623157e+308,1.7976931348623157e+308,47070.0,1.7976931348623157e+308,1.7976931348623157e+308,1.7976931348623157e+308,1.7976931348623157e+308,125,0,0,0,0,73,0,0,0,0
20191126,11:02:39.500,2019-11-26 11:02:39.500000,cu2001,SHFE,47070.0,0,62894,215440.0,47180.0,47220.0,47010.0,47100.0,47070.0,49420.0,44710.0,14812760300.0,47060.0,1.7976931348623157e+308,1.7976931348623157e+308,1.7976931348623157e+308,1.7976931348623157e+308,47070.0,1.7976931348623157e+308,1.7976931348623157e+308,1.7976931348623157e+308,1.7976931348623157e+308,128,0,0,0,0,57,0,0,0,0
20191126,11:02:40.0,2019-11-26 11:02:40,cu2001,SHFE,47070.0,0,62920,215454.0,47180.0,47220.0,47010.0,47100.0,47070.0,49420.0,44710.0,14818879400.0,47060.0,1.7976931348623157e+308,1.7976931348623157e+308,1.7976931348623157e+308,1.7976931348623157e+308,47070.0,1.7976931348623157e+308,1.7976931348623157e+308,1.7976931348623157e+308,1.7976931348623157e+308,140,0,0,0,0,45,0,0,0,0
20191126,11:02:40.500,2019-11-26 11:02:40.500000,cu2001,SHFE,47060.00000000001,0,62948,215460.0,47180.0,47220.0,47010.0,47100.0,47070.0,49420.0,44710.0,14825468500.0,47060.0,1.7976931348623157e+308,1.7976931348623157e+308,1.7976931348623157e+308,1.7976931348623157e+308,47070.0,1.7976931348623157e+308,1.7976931348623157e+308,1.7976931348623157e+308,1.7976931348623157e+308,120,0,0,0,0,38,0,0,0,0
20191126,11:02:41.0,2019-11-26 11:02:41,cu2001,SHFE,47060.00000000001,0,62966,215460.0,47180.0,47220.0,47010.0,47100.0,47070.0,49420.0,44710.0,14829703900.0,47060.0,1.7976931348623157e+308,1.7976931348623157e+308,1.7976931348623157e+308,1.7976931348623157e+308,47070.0,1.7976931348623157e+308,1.7976931348623157e+308,1.7976931348623157e+308,1.7976931348623157e+308,108,0,0,0,0,53,0,0,0,0
20191126,11:02:41.500,2019-11-26 11:02:41.500000,cu2001,SHFE,47060.00000000001,0,62972,215460.0,47180.0,47220.0,47010.0,47100.0,47070.0,49420.0,44710.0,14831115700.0,47060.0,1.7976931348623157e+308,1.7976931348623157e+308,1.7976931348623157e+308,1.7976931348623157e+308,47070.0,1.7976931348623157e+308,1.7976931348623157e+308,1.7976931348623157e+308,1.7976931348623157e+308,103,0,0,0,0,60,0,0,0,0
20191126,11:02:42.0,2019-11-26 11:02:42,cu2001,SHFE,47060.00000000001,0,62972,215460.0,47180.0,47220.0,47010.0,47100.0,47070.0,49420.0,44710.0,14831115700.0,47060.0,1.7976931348623157e+308,1.7976931348623157e+308,1.7976931348623157e+308,1.7976931348623157e+308,47070.0,1.7976931348623157e+308,1.7976931348623157e+308,1.7976931348623157e+308,1.7976931348623157e+308,105,0,0,0,0,63,0,0,0,0
20191126,11:02:42.500,2019-11-26 11:02:42.500000,cu2001,SHFE,47060.00000000001,0,62972,215460.0,47180.0,47220.0,47010.0,47100.0,47070.0,49420.0,44710.0,14831115700.0,47060.0,1.7976931348623157e+308,1.7976931348623157e+308,1.7976931348623157e+308,1.7976931348623157e+308,47070.0,1.7976931348623157e+308,1.7976931348623157e+308,1.7976931348623157e+308,1.7976931348623157e+308,105,0,0,0,0,64,0,0,0,0
20191126,11:02:43.0,2019-11-26 11:02:43,cu2001,SHFE,47060.00000000001,0,62972,215460.0,47180.0,47220.0,47010.0,47100.0,47070.0,49420.0,44710.0,14831115700.0,47060.0,1.7976931348623157e+308,1.7976931348623157e+308,1.7976931348623157e+308,1.7976931348623157e+308,47070.0,1.7976931348623157e+308,1.7976931348623157e+308,1.7976931348623157e+308,1.7976931348623157e+308,105,0,0,0,0,64,0,0,0,0
20191126,11:02:43.500,2019-11-26 11:02:43.500000,cu2001,SHFE,47060.00000000001,0,62972,215460.0,47180.0,47220.0,47010.0,47100.0,47070.0,49420.0,44710.0,14831115700.0,47060.0,1.7976931348623157e+308,1.7976931348623157e+308,1.7976931348623157e+308,1.7976931348623157e+308,47070.0,1.7976931348623157e+308,1.7976931348623157e+308,1.7976931348623157e+308,1.7976931348623157e+308,105,0,0,0,0,65,0,0,0,0
20191126,11:02:45.500,2019-11-26 11:02:45.500000,cu2001,SHFE,47060.00000000001,0,62972,215460.0,47180.0,47220.0,47010.0,47100.0,47070.0,49420.0,44710.0,14831115700.0,47060.0,1.7976931348623157e+308,1.7976931348623157e+308,1.7976931348623157e+308,1.7976931348623157e+308,47070.0,1.7976931348623157e+308,1.7976931348623157e+308,1.7976931348623157e+308,1.7976931348623157e+308,105,0,0,0,0,66,0,0,0,0
20191126,11:02:46.0,2019-11-26 11:02:46,cu2001,SHFE,47060.00000000001,0,62972,215460.0,47180.0,47220.0,47010.0,47100.0,47070.0,49420.0,44710.0,14831115700.0,47060.0,1.7976931348623157e+308,1.7976931348623157e+308,1.7976931348623157e+308,1.7976931348623157e+308,47070.0,1.7976931348623157e+308,1.7976931348623157e+308,1.7976931348623157e+308,1.7976931348623157e+308,105,0,0,0,0,67,0,0,0,0
20191126,11:02:47.0,2019-11-26 11:02:47,cu2001,SHFE,47060.00000000001,0,62972,215460.0,47180.0,47220.0,47010.0,47100.0,47070.0,49420.0,44710.0,14831115700.0,47060.0,1.7976931348623157e+308,1.7976931348623157e+308,1.7976931348623157e+308,1.7976931348623157e+308,47070.0,1.7976931348623157e+308,1.7976931348623157e+308,1.7976931348623157e+308,1.7976931348623157e+308,105,0,0,0,0,67,0,0,0,0
20191126,11:02:48.0,2019-11-26 11:02:48,cu2001,SHFE,47060.00000000001,0,62972,215460.0,47180.0,47220.0,47010.0,47100.0,47070.0,49420.0,44710.0,14831115700.0,47060.0,1.7976931348623157e+308,1.7976931348623157e+308,1.7976931348623157e+308,1.7976931348623157e+308,47070.0,1.7976931348623157e+308,1.7976931348623157e+308,1.7976931348623157e+308,1.7976931348623157e+308,105,0,0,0,0,67,0,0,0,0
20191126,11:02:50.500,2019-11-26 11:02:50.500000,cu2001,SHFE,47070.0,0,62974,215462.0,47180.0,47220.0,47010.0,47100.0,47070.0,49420.0,44710.0,14831586400.0,47060.0,1.7976931348623157e+308,1.7976931348623157e+308,1.7976931348623157e+308,1.7976931348623157e+308,47070.0,1.7976931348623157e+308,1.7976931348623157e+308,1.7976931348623157e+308,1.7976931348623157e+308,105,0,0,0,0,66,0,0,0,0
20191126,11:02:51.0,2019-11-26 11:02:51,cu2001,SHFE,47070.0,0,62974,215462.0,47180.0,47220.0,47010.0,47100.0,47070.0,49420.0,44710.0,14831586400.0,47060.0,1.7976931348623157e+308,1.7976931348623157e+308,1.7976931348623157e+308,1.7976931348623157e+308,47070.0,1.7976931348623157e+308,1.7976931348623157e+308,1.7976931348623157e+308,1.7976931348623157e+308,105,0,0,0,0,66,0,0,0,0
20191126,11:02:51.500,2019-11-26 11:02:51.500000,cu2001,SHFE,47070.0,0,62974,215462.0,47180.0,47220.0,47010.0,47100.0,47070.0,49420.0,44710.0,14831586400.0,47060.0,1.7976931348623157e+308,1.7976931348623157e+308,1.7976931348623157e+308,1.7976931348623157e+308,47070.0,1.7976931348623157e+308,1.7976931348623157e+308,1.7976931348623157e+308,1.7976931348623157e+308,105,0,0,0,0,66,0,0,0,0
20191126,11:02:52.0,2019-11-26 11:02:52,cu2001,SHFE,47070.0,0,62974,215462.0,47180.0,47220.0,47010.0,47100.0,47070.0,49420.0,44710.0,14831586400.0,47060.0,1.7976931348623157e+308,1.7976931348623157e+308,1.7976931348623157e+308,1.7976931348623157e+308,47070.0,1.7976931348623157e+308,1.7976931348623157e+308,1.7976931348623157e+308,1.7976931348623157e+308,105,0,0,0,0,67,0,0,0,0
20191126,11:02:52.500,2019-11-26 11:02:52.500000,cu2001,SHFE,47070.0,0,62974,215462.0,47180.0,47220.0,47010.0,47100.0,47070.0,49420.0,44710.0,14831586400.0,47060.0,1.7976931348623157e+308,1.7976931348623157e+308,1.7976931348623157e+308,1.7976931348623157e+308,47070.0,1.7976931348623157e+308,1.7976931348623157e+308,1.7976931348623157e+308,1.7976931348623157e+308,105,0,0,0,0,68,0,0,0,0
20191126,11:02:53.0,2019-11-26 11:02:53,cu2001,SHFE,47070.0,0,62974,215462.0,47180.0,47220.0,47010.0,47100.0,47070.0,49420.0,44710.0,14831586400.0,47060.0,1.7976931348623157e+308,1.7976931348623157e+308,1.7976931348623157e+308,1.7976931348623157e+308,47070.0,1.7976931348623157e+308,1.7976931348623157e+308,1.7976931348623157e+308,1.7976931348623157e+308,105,0,0,0,0,68,0,0,0,0
20191126,11:02:54.0,2019-11-26 11:02:54,cu2001,SHFE,47070.0,0,62976,215462.0,47180.0,47220.0,47010.0,47100.0,47070.0,49420.0,44710.0,14832057100.0,47060.0,1.7976931348623157e+308,1.7976931348623157e+308,1.7976931348623157e+308,1.7976931348623157e+308,47070.0,1.7976931348623157e+308,1.7976931348623157e+308,1.7976931348623157e+308,1.7976931348623157e+308,105,0,0,0,0,67,0,0,0,0
20191126,11:02:54.500,2019-11-26 11:02:54.500000,cu2001,SHFE,47070.0,0,62978,215462.0,47180.0,47220.0,47010.0,47100.0,47070.0,49420.0,44710.0,14832527800.0,47060.0,1.7976931348623157e+308,1.7976931348623157e+308,1.7976931348623157e+308,1.7976931348623157e+308,47070.0,1.7976931348623157e+308,1.7976931348623157e+308,1.7976931348623157e+308,1.7976931348623157e+308,114,0,0,0,0,66,0,0,0,0
20191126,11:02:55.0,2019-11-26 11:02:55,cu2001,SHFE,47070.0,0,62978,215462.0,47180.0,47220.0,47010.0,47100.0,47070.0,49420.0,44710.0,14832527800.0,47060.0,1.7976931348623157e+308,1.7976931348623157e+308,1.7976931348623157e+308,1.7976931348623157e+308,47070.0,1.7976931348623157e+308,1.7976931348623157e+308,1.7976931348623157e+308,1.7976931348623157e+308,115,0,0,0,0,65,0,0,0,0
20191126,11:02:55.500,2019-11-26 11:02:55.500000,cu2001,SHFE,47070.0,0,62982,215462.0,47180.0,47220.0,47010.0,47100.0,47070.0,49420.0,44710.0,14833469200.0,47060.0,1.7976931348623157e+308,1.7976931348623157e+308,1.7976931348623157e+308,1.7976931348623157e+308,47070.0,1.7976931348623157e+308,1.7976931348623157e+308,1.7976931348623157e+308,1.7976931348623157e+308,115,0,0,0,0,63,0,0,0,0
20191126,11:02:56.0,2019-11-26 11:02:56,cu2001,SHFE,47070.0,0,62984,215462.0,47180.0,47220.0,47010.0,47100.0,47070.0,49420.0,44710.0,14833939900.0,47060.0,1.7976931348623157e+308,1.7976931348623157e+308,1.7976931348623157e+308,1.7976931348623157e+308,47070.0,1.7976931348623157e+308,1.7976931348623157e+308,1.7976931348623157e+308,1.7976931348623157e+308,117,0,0,0,0,62,0,0,0,0
20191126,11:02:56.500,2019-11-26 11:02:56.500000,cu2001,SHFE,47070.0,0,62986,215462.0,47180.0,47220.0,47010.0,47100.0,47070.0,49420.0,44710.0,14834410600.0,47060.0,1.7976931348623157e+308,1.7976931348623157e+308,1.7976931348623157e+308,1.7976931348623157e+308,47070.0,1.7976931348623157e+308,1.7976931348623157e+308,1.7976931348623157e+308,1.7976931348623157e+308,117,0,0,0,0,61,0,0,0,0
20191126,11:02:57.0,2019-11-26 11:02:57,cu2001,SHFE,47070.0,0,62988,215462.0,47180.0,47220.0,47010.0,47100.0,47070.0,49420.0,44710.0,14834881300.0,47060.0,1.7976931348623157e+308,1.7976931348623157e+308,1.7976931348623157e+308,1.7976931348623157e+308,47070.0,1.7976931348623157e+308,1.7976931348623157e+308,1.7976931348623157e+308,1.7976931348623157e+308,117,0,0,0,0,60,0,0,0,0
20191126,11:02:57.500,2019-11-26 11:02:57.500000,cu2001,SHFE,47070.0,0,62990,215462.0,47180.0,47220.0,47010.0,47100.0,47070.0,49420.0,44710.0,14835352000.0,47060.0,1.7976931348623157e+308,1.7976931348623157e+308,1.7976931348623157e+308,1.7976931348623157e+308,47070.0,1.7976931348623157e+308,1.7976931348623157e+308,1.7976931348623157e+308,1.7976931348623157e+308,117,0,0,0,0,91,0,0,0,0
20191126,11:02:58.0,2019-11-26 11:02:58,cu2001,SHFE,47070.0,0,62992,215462.0,47180.0,47220.0,47010.0,47100.0,47070.0,49420.0,44710.0,14835822700.0,47060.0,1.7976931348623157e+308,1.7976931348623157e+308,1.7976931348623157e+308,1.7976931348623157e+308,47070.0,1.7976931348623157e+308,1.7976931348623157e+308,1.7976931348623157e+308,1.7976931348623157e+308,105,0,0,0,0,90,0,0,0,0
20191126,11:02:58.500,2019-11-26 11:02:58.500000,cu2001,SHFE,47070.0,0,62994,215462.0,47180.0,47220.0,47010.0,47100.0,47070.0,49420.0,44710.0,14836293400.0,47060.0,1.7976931348623157e+308,1.7976931348623157e+308,1.7976931348623157e+308,1.7976931348623157e+308,47070.0,1.7976931348623157e+308,1.7976931348623157e+308,1.7976931348623157e+308,1.7976931348623157e+308,104,0,0,0,0,89,0,0,0,0
20191126,11:02:59.0,2019-11-26 11:02:59,cu2001,SHFE,47070.0,0,62996,215462.0,47180.0,47220.0,47010.0,47100.0,47070.0,49420.0,44710.0,14836764100.0,47060.0,1.7976931348623157e+308,1.7976931348623157e+308,1.7976931348623157e+308,1.7976931348623157e+308,47070.0,1.7976931348623157e+308,1.7976931348623157e+308,1.7976931348623157e+308,1.7976931348623157e+308,104,0,0,0,0,88,0,0,0,0
20191126,11:02:59.500,2019-11-26 11:02:59.500000,cu2001,SHFE,47070.0,0,63002,215466.0,47180.0,47220.0,47010.0,47100.0,47070.0,49420.0,44710.0,14838176000.0,47060.0,1.7976931348623157e+308,1.7976931348623157e+308,1.7976931348623157e+308,1.7976931348623157e+308,47070.0,1.7976931348623157e+308,1.7976931348623157e+308,1.7976931348623157e+308,1.7976931348623157e+308,102,0,0,0,0,89,0,0,0,0
20191126,11:03:00.0,2019-11-26 11:03:00,cu2001,SHFE,47070.0,0,63004,215466.0,47180.0,47220.0,47010.0,47100.0,47070.0,49420.0,44710.0,14838646700.0,47060.0,1.7976931348623157e+308,1.7976931348623157e+308,1.7976931348623157e+308,1.7976931348623157e+308,47070.0,1.7976931348623157e+308,1.7976931348623157e+308,1.7976931348623157e+308,1.7976931348623157e+308,102,0,0,0,0,88,0,0,0,0
20191126,11:03:01.0,2019-11-26 11:03:01,cu2001,SHFE,47070.0,0,63006,215466.0,47180.0,47220.0,47010.0,47100.0,47070.0,49420.0,44710.0,14839117400.0,47060.0,1.7976931348623157e+308,1.7976931348623157e+308,1.7976931348623157e+308,1.7976931348623157e+308,47070.0,1.7976931348623157e+308,1.7976931348623157e+308,1.7976931348623157e+308,1.7976931348623157e+308,112,0,0,0,0,87,0,0,0,0
20191126,11:03:01.500,2019-11-26 11:03:01.500000,cu2001,SHFE,47070.0,0,63008,215466.0,47180.0,47220.0,47010.0,47100.0,47070.0,49420.0,44710.0,14839588100.0,47060.0,1.7976931348623157e+308,1.7976931348623157e+308,1.7976931348623157e+308,1.7976931348623157e+308,47070.0,1.7976931348623157e+308,1.7976931348623157e+308,1.7976931348623157e+308,1.7976931348623157e+308,112,0,0,0,0,86,0,0,0,0
20191126,11:03:02.0,2019-11-26 11:03:02,cu2001,SHFE,47070.0,0,63010,215466.0,47180.0,47220.0,47010.0,47100.0,47070.0,49420.0,44710.0,14840058800.0,47060.0,1.7976931348623157e+308,1.7976931348623157e+308,1.7976931348623157e+308,1.7976931348623157e+308,47070.0,1.7976931348623157e+308,1.7976931348623157e+308,1.7976931348623157e+308,1.7976931348623157e+308,112,0,0,0,0,85,0,0,0,0
20191126,11:03:02.500,2019-11-26 11:03:02.500000,cu2001,SHFE,47070.0,0,63012,215466.0,47180.0,47220.0,47010.0,47100.0,47070.0,49420.0,44710.0,14840529500.0,47060.0,1.7976931348623157e+308,1.7976931348623157e+308,1.7976931348623157e+308,1.7976931348623157e+308,47070.0,1.7976931348623157e+308,1.7976931348623157e+308,1.7976931348623157e+308,1.7976931348623157e+308,112,0,0,0,0,84,0,0,0,0
20191126,11:03:03.0,2019-11-26 11:03:03,cu2001,SHFE,47070.0,0,63026,215476.0,47180.0,47220.0,47010.0,47100.0,47070.0,49420.0,44710.0,14843824400.0,47060.0,1.7976931348623157e+308,1.7976931348623157e+308,1.7976931348623157e+308,1.7976931348623157e+308,47070.0,1.7976931348623157e+308,1.7976931348623157e+308,1.7976931348623157e+308,1.7976931348623157e+308,112,0,0,0,0,92,0,0,0,0
20191126,11:03:03.500,2019-11-26 11:03:03.500000,cu2001,SHFE,47070.0,0,63028,215474.0,47180.0,47220.0,47010.0,47100.0,47070.0,49420.0,44710.0,14844295100.0,47060.0,1.7976931348623157e+308,1.7976931348623157e+308,1.7976931348623157e+308,1.7976931348623157e+308,47070.0,1.7976931348623157e+308,1.7976931348623157e+308,1.7976931348623157e+308,1.7976931348623157e+308,112,0,0,0,0,94,0,0,0,0
20191126,11:03:04.0,2019-11-26 11:03:04,cu2001,SHFE,47070.0,0,63028,215474.0,47180.0,47220.0,47010.0,47100.0,47070.0,49420.0,44710.0,14844295100.0,47060.0,1.7976931348623157e+308,1.7976931348623157e+308,1.7976931348623157e+308,1.7976931348623157e+308,47070.0,1.7976931348623157e+308,1.7976931348623157e+308,1.7976931348623157e+308,1.7976931348623157e+308,112,0,0,0,0,97,0,0,0,0
20191126,11:03:04.500,2019-11-26 11:03:04.500000,cu2001,SHFE,47070.0,0,63032,215470.0,47180.0,47220.0,47010.0,47100.0,47070.0,49420.0,44710.0,14845236500.0,47060.0,1.7976931348623157e+308,1.7976931348623157e+308,1.7976931348623157e+308,1.7976931348623157e+308,47070.0,1.7976931348623157e+308,1.7976931348623157e+308,1.7976931348623157e+308,1.7976931348623157e+308,112,0,0,0,0,95,0,0,0,0
20191126,11:03:05.500,2019-11-26 11:03:05.500000,cu2001,SHFE,47070.0,0,63034,215468.0,47180.0,47220.0,47010.0,47100.0,47070.0,49420.0,44710.0,14845707200.0,47060.0,1.7976931348623157e+308,1.7976931348623157e+308,1.7976931348623157e+308,1.7976931348623157e+308,47070.0,1.7976931348623157e+308,1.7976931348623157e+308,1.7976931348623157e+308,1.7976931348623157e+308,113,0,0,0,0,94,0,0,0,0
20191126,11:03:06.0,2019-11-26 11:03:06,cu2001,SHFE,47070.0,0,63036,215466.0,47180.0,47220.0,47010.0,47100.0,47070.0,49420.0,44710.0,14846177900.0,47060.0,1.7976931348623157e+308,1.7976931348623157e+308,1.7976931348623157e+308,1.7976931348623157e+308,47070.0,1.7976931348623157e+308,1.7976931348623157e+308,1.7976931348623157e+308,1.7976931348623157e+308,113,0,0,0,0,93,0,0,0,0
20191126,11:03:06.500,2019-11-26 11:03:06.500000,cu2001,SHFE,47070.0,0,63038,215464.0,47180.0,47220.0,47010.0,47100.0,47070.0,49420.0,44710.0,14846648600.0,47060.0,1.7976931348623157e+308,1.7976931348623157e+308,1.7976931348623157e+308,1.7976931348623157e+308,47070.0,1.7976931348623157e+308,1.7976931348623157e+308,1.7976931348623157e+308,1.7976931348623157e+308,113,0,0,0,0,95,0,0,0,0
20191126,11:03:07.0,2019-11-26 11:03:07,cu2001,SHFE,47070.0,0,63040,215462.0,47180.0,47220.0,47010.0,47100.0,47070.0,49420.0,44710.0,14847119300.0,47060.0,1.7976931348623157e+308,1.7976931348623157e+308,1.7976931348623157e+308,1.7976931348623157e+308,47070.0,1.7976931348623157e+308,1.7976931348623157e+308,1.7976931348623157e+308,1.7976931348623157e+308,113,0,0,0,0,94,0,0,0,0
20191126,11:03:07.500,2019-11-26 11:03:07.500000,cu2001,SHFE,47070.0,0,63042,215460.0,47180.0,47220.0,47010.0,47100.0,47070.0,49420.0,44710.0,14847590000.0,47060.0,1.7976931348623157e+308,1.7976931348623157e+308,1.7976931348623157e+308,1.7976931348623157e+308,47070.0,1.7976931348623157e+308,1.7976931348623157e+308,1.7976931348623157e+308,1.7976931348623157e+308,113,0,0,0,0,94,0,0,0,0
20191126,11:03:08.0,2019-11-26 11:03:08,cu2001,SHFE,47070.0,0,63044,215458.0,47180.0,47220.0,47010.0,47100.0,47070.0,49420.0,44710.0,14848060700.0,47060.0,1.7976931348623157e+308,1.7976931348623157e+308,1.7976931348623157e+308,1.7976931348623157e+308,47070.0,1.7976931348623157e+308,1.7976931348623157e+308,1.7976931348623157e+308,1.7976931348623157e+308,113,0,0,0,0,93,0,0,0,0
20191126,11:03:08.500,2019-11-26 11:03:08.500000,cu2001,SHFE,47070.0,0,63046,215458.0,47180.0,47220.0,47010.0,47100.0,47070.0,49420.0,44710.0,14848531400.0,47060.0,1.7976931348623157e+308,1.7976931348623157e+308,1.7976931348623157e+308,1.7976931348623157e+308,47070.0,1.7976931348623157e+308,1.7976931348623157e+308,1.7976931348623157e+308,1.7976931348623157e+308,113,0,0,0,0,92,0,0,0,0
20191126,11:03:09.0,2019-11-26 11:03:09,cu2001,SHFE,47070.0,0,63048,215456.0,47180.0,47220.0,47010.0,47100.0,47070.0,49420.0,44710.0,14849002100.0,47060.0,1.7976931348623157e+308,1.7976931348623157e+308,1.7976931348623157e+308,1.7976931348623157e+308,47070.0,1.7976931348623157e+308,1.7976931348623157e+308,1.7976931348623157e+308,1.7976931348623157e+308,113,0,0,0,0,91,0,0,0,0
20191126,11:03:09.500,2019-11-26 11:03:09.500000,cu2001,SHFE,47070.0,0,63050,215454.0,47180.0,47220.0,47010.0,47100.0,47070.0,49420.0,44710.0,14849472800.0,47060.0,1.7976931348623157e+308,1.7976931348623157e+308,1.7976931348623157e+308,1.7976931348623157e+308,47070.0,1.7976931348623157e+308,1.7976931348623157e+308,1.7976931348623157e+308,1.7976931348623157e+308,113,0,0,0,0,90,0,0,0,0
20191126,11:03:10.0,2019-11-26 11:03:10,cu2001,SHFE,47070.0,0,63052,215452.0,47180.0,47220.0,47010.0,47100.0,47070.0,49420.0,44710.0,14849943500.0,47060.0,1.7976931348623157e+308,1.7976931348623157e+308,1.7976931348623157e+308,1.7976931348623157e+308,47070.0,1.7976931348623157e+308,1.7976931348623157e+308,1.7976931348623157e+308,1.7976931348623157e+308,113,0,0,0,0,89,0,0,0,0
20191126,11:03:10.500,2019-11-26 11:03:10.500000,cu2001,SHFE,47070.0,0,63056,215450.0,47180.0,47220.0,47010.0,47100.0,47070.0,49420.0,44710.0,14850884900.0,47060.0,1.7976931348623157e+308,1.7976931348623157e+308,1.7976931348623157e+308,1.7976931348623157e+308,47070.0,1.7976931348623157e+308,1.7976931348623157e+308,1.7976931348623157e+308,1.7976931348623157e+308,113,0,0,0,0,87,0,0,0,0
20191126,11:03:11.0,2019-11-26 11:03:11,cu2001,SHFE,47070.0,0,63058,215448.0,47180.0,47220.0,47010.0,47100.0,47070.0,49420.0,44710.0,14851355600.0,47060.0,1.7976931348623157e+308,1.7976931348623157e+308,1.7976931348623157e+308,1.7976931348623157e+308,47070.0,1.7976931348623157e+308,1.7976931348623157e+308,1.7976931348623157e+308,1.7976931348623157e+308,113,0,0,0,0,84,0,0,0,0
20191126,11:03:11.500,2019-11-26 11:03:11.500000,cu2001,SHFE,47070.0,0,63060,215446.0,47180.0,47220.0,47010.0,47100.0,47070.0,49420.0,44710.0,14851826300.0,47060.0,1.7976931348623157e+308,1.7976931348623157e+308,1.7976931348623157e+308,1.7976931348623157e+308,47070.0,1.7976931348623157e+308,1.7976931348623157e+308,1.7976931348623157e+308,1.7976931348623157e+308,114,0,0,0,0,83,0,0,0,0
20191126,11:03:12.0,2019-11-26 11:03:12,cu2001,SHFE,47070.0,0,63068,215444.0,47180.0,47220.0,47010.0,47100.0,47070.0,49420.0,44710.0,14853709100.0,47060.0,1.7976931348623157e+308,1.7976931348623157e+308,1.7976931348623157e+308,1.7976931348623157e+308,47070.0,1.7976931348623157e+308,1.7976931348623157e+308,1.7976931348623157e+308,1.7976931348623157e+308,114,0,0,0,0,79,0,0,0,0
20191126,11:03:12.500,2019-11-26 11:03:12.500000,cu2001,SHFE,47070.0,0,63070,215444.0,47180.0,47220.0,47010.0,47100.0,47070.0,49420.0,44710.0,14854179800.0,47060.0,1.7976931348623157e+308,1.7976931348623157e+308,1.7976931348623157e+308,1.7976931348623157e+308,47070.0,1.7976931348623157e+308,1.7976931348623157e+308,1.7976931348623157e+308,1.7976931348623157e+308,116,0,0,0,0,78,0,0,0,0
20191126,11:03:13.0,2019-11-26 11:03:13,cu2001,SHFE,47070.0,0,63106,215432.0,47180.0,47220.0,47010.0,47100.0,47070.0,49420.0,44710.0,14862652400.0,47060.0,1.7976931348623157e+308,1.7976931348623157e+308,1.7976931348623157e+308,1.7976931348623157e+308,47070.0,1.7976931348623157e+308,1.7976931348623157e+308,1.7976931348623157e+308,1.7976931348623157e+308,114,0,0,0,0,60,0,0,0,0
20191126,11:03:13.500,2019-11-26 11:03:13.500000,cu2001,SHFE,47070.0,0,63106,215432.0,47180.0,47220.0,47010.0,47100.0,47070.0,49420.0,44710.0,14862652400.0,47060.0,1.7976931348623157e+308,1.7976931348623157e+308,1.7976931348623157e+308,1.7976931348623157e+308,47070.0,1.7976931348623157e+308,1.7976931348623157e+308,1.7976931348623157e+308,1.7976931348623157e+308,121,0,0,0,0,61,0,0,0,0
20191126,11:03:14.0,2019-11-26 11:03:14,cu2001,SHFE,47070.0,0,63110,215430.0,47180.0,47220.0,47010.0,47100.0,47070.0,49420.0,44710.0,14863593800.0,47060.0,1.7976931348623157e+308,1.7976931348623157e+308,1.7976931348623157e+308,1.7976931348623157e+308,47070.0,1.7976931348623157e+308,1.7976931348623157e+308,1.7976931348623157e+308,1.7976931348623157e+308,117,0,0,0,0,57,0,0,0,0
20191126,11:03:14.500,2019-11-26 11:03:14.500000,cu2001,SHFE,47070.0,0,63112,215430.0,47180.0,47220.0,47010.0,47100.0,47070.0,49420.0,44710.0,14864064500.0,47060.0,1.7976931348623157e+308,1.7976931348623157e+308,1.7976931348623157e+308,1.7976931348623157e+308,47070.0,1.7976931348623157e+308,1.7976931348623157e+308,1.7976931348623157e+308,1.7976931348623157e+308,119,0,0,0,0,56,0,0,0,0
20191126,11:03:15.0,2019-11-26 11:03:15,cu2001,SHFE,47070.0,0,63114,215430.0,47180.0,47220.0,47010.0,47100.0,47070.0,49420.0,44710.0,14864535200.0,47060.0,1.7976931348623157e+308,1.7976931348623157e+308,1.7976931348623157e+308,1.7976931348623157e+308,47070.0,1.7976931348623157e+308,1.7976931348623157e+308,1.7976931348623157e+308,1.7976931348623157e+308,119,0,0,0,0,55,0,0,0,0
20191126,11:03:15.500,2019-11-26 11:03:15.500000,cu2001,SHFE,47070.0,0,63116,215430.0,47180.0,47220.0,47010.0,47100.0,47070.0,49420.0,44710.0,14865005900.0,47060.0,1.7976931348623157e+308,1.7976931348623157e+308,1.7976931348623157e+308,1.7976931348623157e+308,47070.0,1.7976931348623157e+308,1.7976931348623157e+308,1.7976931348623157e+308,1.7976931348623157e+308,119,0,0,0,0,54,0,0,0,0
20191126,11:03:16.0,2019-11-26 11:03:16,cu2001,SHFE,47070.0,0,63120,215430.0,47180.0,47220.0,47010.0,47100.0,47070.0,49420.0,44710.0,14865947300.0,47060.0,1.7976931348623157e+308,1.7976931348623157e+308,1.7976931348623157e+308,1.7976931348623157e+308,47070.0,1.7976931348623157e+308,1.7976931348623157e+308,1.7976931348623157e+308,1.7976931348623157e+308,120,0,0,0,0,74,0,0,0,0
20191126,11:03:16.500,2019-11-26 11:03:16.500000,cu2001,SHFE,47070.0,0,63124,215430.0,47180.0,47220.0,47010.0,47100.0,47070.0,49420.0,44710.0,14866888700.0,47060.0,1.7976931348623157e+308,1.7976931348623157e+308,1.7976931348623157e+308,1.7976931348623157e+308,47070.0,1.7976931348623157e+308,1.7976931348623157e+308,1.7976931348623157e+308,1.7976931348623157e+308,116,0,0,0,0,74,0,0,0,0
20191126,11:03:17.0,2019-11-26 11:03:17,cu2001,SHFE,47070.0,0,63126,215430.0,47180.0,47220.0,47010.0,47100.0,47070.0,49420.0,44710.0,14867359400.0,47060.0,1.7976931348623157e+308,1.7976931348623157e+308,1.7976931348623157e+308,1.7976931348623157e+308,47070.0,1.7976931348623157e+308,1.7976931348623157e+308,1.7976931348623157e+308,1.7976931348623157e+308,116,0,0,0,0,69,0,0,0,0
20191126,11:03:17.500,2019-11-26 11:03:17.500000,cu2001,SHFE,47070.0,0,63128,215430.0,47180.0,47220.0,47010.0,47100.0,47070.0,49420.0,44710.0,14867830100.0,47060.0,1.7976931348623157e+308,1.7976931348623157e+308,1.7976931348623157e+308,1.7976931348623157e+308,47070.0,1.7976931348623157e+308,1.7976931348623157e+308,1.7976931348623157e+308,1.7976931348623157e+308,116,0,0,0,0,68,0,0,0,0
20191126,11:03:18.0,2019-11-26 11:03:18,cu2001,SHFE,47070.0,0,63130,215430.0,47180.0,47220.0,47010.0,47100.0,47070.0,49420.0,44710.0,14868300800.0,47060.0,1.7976931348623157e+308,1.7976931348623157e+308,1.7976931348623157e+308,1.7976931348623157e+308,47070.0,1.7976931348623157e+308,1.7976931348623157e+308,1.7976931348623157e+308,1.7976931348623157e+308,116,0,0,0,0,67,0,0,0,0
20191126,11:03:18.500,2019-11-26 11:03:18.500000,cu2001,SHFE,47070.0,0,63132,215430.0,47180.0,47220.0,47010.0,47100.0,47070.0,49420.0,44710.0,14868771500.0,47060.0,1.7976931348623157e+308,1.7976931348623157e+308,1.7976931348623157e+308,1.7976931348623157e+308,47070.0,1.7976931348623157e+308,1.7976931348623157e+308,1.7976931348623157e+308,1.7976931348623157e+308,116,0,0,0,0,66,0,0,0,0
20191126,11:03:19.0,2019-11-26 11:03:19,cu2001,SHFE,47070.0,0,63134,215430.0,47180.0,47220.0,47010.0,47100.0,47070.0,49420.0,44710.0,14869242200.0,47060.0,1.7976931348623157e+308,1.7976931348623157e+308,1.7976931348623157e+308,1.7976931348623157e+308,47070.0,1.7976931348623157e+308,1.7976931348623157e+308,1.7976931348623157e+308,1.7976931348623157e+308,116,0,0,0,0,65,0,0,0,0
20191126,11:03:21.500,2019-11-26 11:03:21.500000,cu2001,SHFE,47070.0,0,63134,215430.0,47180.0,47220.0,47010.0,47100.0,47070.0,49420.0,44710.0,14869242200.0,47060.0,1.7976931348623157e+308,1.7976931348623157e+308,1.7976931348623157e+308,1.7976931348623157e+308,47070.0,1.7976931348623157e+308,1.7976931348623157e+308,1.7976931348623157e+308,1.7976931348623157e+308,116,0,0,0,0,67,0,0,0,0
20191126,11:03:22.0,2019-11-26 11:03:22,cu2001,SHFE,47070.0,0,63134,215430.0,47180.0,47220.0,47010.0,47100.0,47070.0,49420.0,44710.0,14869242200.0,47060.0,1.7976931348623157e+308,1.7976931348623157e+308,1.7976931348623157e+308,1.7976931348623157e+308,47070.0,1.7976931348623157e+308,1.7976931348623157e+308,1.7976931348623157e+308,1.7976931348623157e+308,116,0,0,0,0,67,0,0,0,0
20191126,11:03:23.0,2019-11-26 11:03:23,cu2001,SHFE,47070.0,0,63134,215430.0,47180.0,47220.0,47010.0,47100.0,47070.0,49420.0,44710.0,14869242200.0,47060.0,1.7976931348623157e+308,1.7976931348623157e+308,1.7976931348623157e+308,1.7976931348623157e+308,47070.0,1.7976931348623157e+308,1.7976931348623157e+308,1.7976931348623157e+308,1.7976931348623157e+308,116,0,0,0,0,67,0,0,0,0
20191126,11:03:23.500,2019-11-26 11:03:23.500000,cu2001,SHFE,47070.0,0,63134,215430.0,47180.0,47220.0,47010.0,47100.0,47070.0,49420.0,44710.0,14869242200.0,47060.0,1.7976931348623157e+308,1.7976931348623157e+308,1.7976931348623157e+308,1.7976931348623157e+308,47070.0,1.7976931348623157e+308,1.7976931348623157e+308,1.7976931348623157e+308,1.7976931348623157e+308,116,0,0,0,0,67,0,0,0,0
20191126,11:03:24.0,2019-11-26 11:03:24,cu2001,SHFE,47070.0,0,63134,215430.0,47180.0,47220.0,47010.0,47100.0,47070.0,49420.0,44710.0,14869242200.0,47060.0,1.7976931348623157e+308,1.7976931348623157e+308,1.7976931348623157e+308,1.7976931348623157e+308,47070.0,1.7976931348623157e+308,1.7976931348623157e+308,1.7976931348623157e+308,1.7976931348623157e+308,116,0,0,0,0,67,0,0,0,0
20191126,11:03:24.500,2019-11-26 11:03:24.500000,cu2001,SHFE,47070.0,0,63134,215430.0,47180.0,47220.0,47010.0,47100.0,47070.0,49420.0,44710.0,14869242200.0,47060.0,1.7976931348623157e+308,1.7976931348623157e+308,1.7976931348623157e+308,1.7976931348623157e+308,47070.0,1.7976931348623157e+308,1.7976931348623157e+308,1.7976931348623157e+308,1.7976931348623157e+308,116,0,0,0,0,68,0,0,0,0
20191126,11:03:25.0,2019-11-26 11:03:25,cu2001,SHFE,47070.0,0,63134,215430.0,47180.0,47220.0,47010.0,47100.0,47070.0,49420.0,44710.0,14869242200.0,47060.0,1.7976931348623157e+308,1.7976931348623157e+308,1.7976931348623157e+308,1.7976931348623157e+308,47070.0,1.7976931348623157e+308,1.7976931348623157e+308,1.7976931348623157e+308,1.7976931348623157e+308,116,0,0,0,0,72,0,0,0,0
20191126,11:03:25.500,2019-11-26 11:03:25.500000,cu2001,SHFE,47070.0,0,63134,215430.0,47180.0,47220.0,47010.0,47100.0,47070.0,49420.0,44710.0,14869242200.0,47060.0,1.7976931348623157e+308,1.7976931348623157e+308,1.7976931348623157e+308,1.7976931348623157e+308,47070.0,1.7976931348623157e+308,1.7976931348623157e+308,1.7976931348623157e+308,1.7976931348623157e+308,116,0,0,0,0,73,0,0,0,0
20191126,11:03:27.0,2019-11-26 11:03:27,cu2001,SHFE,47070.0,0,63136,215430.0,47180.0,47220.0,47010.0,47100.0,47070.0,49420.0,44710.0,14869712900.0,47060.0,1.7976931348623157e+308,1.7976931348623157e+308,1.7976931348623157e+308,1.7976931348623157e+308,47070.0,1.7976931348623157e+308,1.7976931348623157e+308,1.7976931348623157e+308,1.7976931348623157e+308,116,0,0,0,0,72,0,0,0,0
20191126,11:03:28.0,2019-11-26 11:03:28,cu2001,SHFE,47070.0,0,63136,215430.0,47180.0,47220.0,47010.0,47100.0,47070.0,49420.0,44710.0,14869712900.0,47060.0,1.7976931348623157e+308,1.7976931348623157e+308,1.7976931348623157e+308,1.7976931348623157e+308,47070.0,1.7976931348623157e+308,1.7976931348623157e+308,1.7976931348623157e+308,1.7976931348623157e+308,121,0,0,0,0,72,0,0,0,0
20191126,11:03:29.0,2019-11-26 11:03:29,cu2001,SHFE,47060.0,0,63138,215432.0,47180.0,47220.0,47010.0,47100.0,47070.0,49420.0,44710.0,14870183500.0,47060.0,1.7976931348623157e+308,1.7976931348623157e+308,1.7976931348623157e+308,1.7976931348623157e+308,47070.0,1.7976931348623157e+308,1.7976931348623157e+308,1.7976931348623157e+308,1.7976931348623157e+308,120,0,0,0,0,73,0,0,0,0
20191126,11:03:29.500,2019-11-26 11:03:29.500000,cu2001,SHFE,47060.0,0,63146,215440.0,47180.0,47220.0,47010.0,47100.0,47070.0,49420.0,44710.0,14872065900.0,47060.0,1.7976931348623157e+308,1.7976931348623157e+308,1.7976931348623157e+308,1.7976931348623157e+308,47070.0,1.7976931348623157e+308,1.7976931348623157e+308,1.7976931348623157e+308,1.7976931348623157e+308,116,0,0,0,0,75,0,0,0,0
20191126,11:03:30.0,2019-11-26 11:03:30,cu2001,SHFE,47060.0,0,63146,215440.0,47180.0,47220.0,47010.0,47100.0,47070.0,49420.0,44710.0,14872065900.0,47060.0,1.7976931348623157e+308,1.7976931348623157e+308,1.7976931348623157e+308,1.7976931348623157e+308,47070.0,1.7976931348623157e+308,1.7976931348623157e+308,1.7976931348623157e+308,1.7976931348623157e+308,115,0,0,0,0,78,0,0,0,0
20191126,11:03:32.0,2019-11-26 11:03:32,cu2001,SHFE,47060.0,0,63146,215440.0,47180.0,47220.0,47010.0,47100.0,47070.0,49420.0,44710.0,14872065900.0,47060.0,1.7976931348623157e+308,1.7976931348623157e+308,1.7976931348623157e+308,1.7976931348623157e+308,47070.0,1.7976931348623157e+308,1.7976931348623157e+308,1.7976931348623157e+308,1.7976931348623157e+308,115,0,0,0,0,76,0,0,0,0
20191126,11:03:33.0,2019-11-26 11:03:33,cu2001,SHFE,47060.0,0,63146,215440.0,47180.0,47220.0,47010.0,47100.0,47070.0,49420.0,44710.0,14872065900.0,47060.0,1.7976931348623157e+308,1.7976931348623157e+308,1.7976931348623157e+308,1.7976931348623157e+308,47070.0,1.7976931348623157e+308,1.7976931348623157e+308,1.7976931348623157e+308,1.7976931348623157e+308,115,0,0,0,0,74,0,0,0,0
20191126,11:03:34.0,2019-11-26 11:03:34,cu2001,SHFE,47060.0,0,63146,215440.0,47180.0,47220.0,47010.0,47100.0,47070.0,49420.0,44710.0,14872065900.0,47060.0,1.7976931348623157e+308,1.7976931348623157e+308,1.7976931348623157e+308,1.7976931348623157e+308,47070.0,1.7976931348623157e+308,1.7976931348623157e+308,1.7976931348623157e+308,1.7976931348623157e+308,115,0,0,0,0,74,0,0,0,0
20191126,11:03:37.0,2019-11-26 11:03:37,cu2001,SHFE,47070.0,0,63148,215440.0,47180.0,47220.0,47010.0,47100.0,47070.0,49420.0,44710.0,14872536600.0,47060.0,1.7976931348623157e+308,1.7976931348623157e+308,1.7976931348623157e+308,1.7976931348623157e+308,47070.0,1.7976931348623157e+308,1.7976931348623157e+308,1.7976931348623157e+308,1.7976931348623157e+308,115,0,0,0,0,73,0,0,0,0
20191126,11:03:37.500,2019-11-26 11:03:37.500000,cu2001,SHFE,47070.0,0,63148,215440.0,47180.0,47220.0,47010.0,47100.0,47070.0,49420.0,44710.0,14872536600.0,47060.0,1.7976931348623157e+308,1.7976931348623157e+308,1.7976931348623157e+308,1.7976931348623157e+308,47070.0,1.7976931348623157e+308,1.7976931348623157e+308,1.7976931348623157e+308,1.7976931348623157e+308,116,0,0,0,0,72,0,0,0,0
20191126,11:03:42.0,2019-11-26 11:03:42,cu2001,SHFE,47070.0,0,63148,215440.0,47180.0,47220.0,47010.0,47100.0,47070.0,49420.0,44710.0,14872536600.0,47060.0,1.7976931348623157e+308,1.7976931348623157e+308,1.7976931348623157e+308,1.7976931348623157e+308,47070.0,1.7976931348623157e+308,1.7976931348623157e+308,1.7976931348623157e+308,1.7976931348623157e+308,117,0,0,0,0,72,0,0,0,0
20191126,11:03:43.0,2019-11-26 11:03:43,cu2001,SHFE,47070.0,0,63150,215440.0,47180.0,47220.0,47010.0,47100.0,47070.0,49420.0,44710.0,14873007300.0,47060.0,1.7976931348623157e+308,1.7976931348623157e+308,1.7976931348623157e+308,1.7976931348623157e+308,47070.0,1.7976931348623157e+308,1.7976931348623157e+308,1.7976931348623157e+308,1.7976931348623157e+308,117,0,0,0,0,71,0,0,0,0
20191126,11:03:43.500,2019-11-26 11:03:43.500000,cu2001,SHFE,47070.0,0,63150,215440.0,47180.0,47220.0,47010.0,47100.0,47070.0,49420.0,44710.0,14873007300.0,47060.0,1.7976931348623157e+308,1.7976931348623157e+308,1.7976931348623157e+308,1.7976931348623157e+308,47070.0,1.7976931348623157e+308,1.7976931348623157e+308,1.7976931348623157e+308,1.7976931348623157e+308,117,0,0,0,0,75,0,0,0,0
20191126,11:03:44.0,2019-11-26 11:03:44,cu2001,SHFE,47070.0,0,63150,215440.0,47180.0,47220.0,47010.0,47100.0,47070.0,49420.0,44710.0,14873007300.0,47060.0,1.7976931348623157e+308,1.7976931348623157e+308,1.7976931348623157e+308,1.7976931348623157e+308,47070.0,1.7976931348623157e+308,1.7976931348623157e+308,1.7976931348623157e+308,1.7976931348623157e+308,117,0,0,0,0,75,0,0,0,0
20191126,11:03:47.0,2019-11-26 11:03:47,cu2001,SHFE,47070.0,0,63152,215440.0,47180.0,47220.0,47010.0,47100.0,47070.0,49420.0,44710.0,14873478000.0,47060.0,1.7976931348623157e+308,1.7976931348623157e+308,1.7976931348623157e+308,1.7976931348623157e+308,47070.0,1.7976931348623157e+308,1.7976931348623157e+308,1.7976931348623157e+308,1.7976931348623157e+308,117,0,0,0,0,74,0,0,0,0
20191126,11:03:48.500,2019-11-26 11:03:48.500000,cu2001,SHFE,47070.0,0,63152,215440.0,47180.0,47220.0,47010.0,47100.0,47070.0,49420.0,44710.0,14873478000.0,47060.0,1.7976931348623157e+308,1.7976931348623157e+308,1.7976931348623157e+308,1.7976931348623157e+308,47070.0,1.7976931348623157e+308,1.7976931348623157e+308,1.7976931348623157e+308,1.7976931348623157e+308,117,0,0,0,0,74,0,0,0,0
20191126,11:03:49.0,2019-11-26 11:03:49,cu2001,SHFE,47060.0,0,63154,215440.0,47180.0,47220.0,47010.0,47100.0,47070.0,49420.0,44710.0,14873948600.0,47060.0,1.7976931348623157e+308,1.7976931348623157e+308,1.7976931348623157e+308,1.7976931348623157e+308,47070.0,1.7976931348623157e+308,1.7976931348623157e+308,1.7976931348623157e+308,1.7976931348623157e+308,116,0,0,0,0,74,0,0,0,0
20191126,11:03:51.500,2019-11-26 11:03:51.500000,cu2001,SHFE,47060.0,0,63154,215440.0,47180.0,47220.0,47010.0,47100.0,47070.0,49420.0,44710.0,14873948600.0,47060.0,1.7976931348623157e+308,1.7976931348623157e+308,1.7976931348623157e+308,1.7976931348623157e+308,47070.0,1.7976931348623157e+308,1.7976931348623157e+308,1.7976931348623157e+308,1.7976931348623157e+308,116,0,0,0,0,78,0,0,0,0
20191126,11:03:52.500,2019-11-26 11:03:52.500000,cu2001,SHFE,47060.0,0,63154,215440.0,47180.0,47220.0,47010.0,47100.0,47070.0,49420.0,44710.0,14873948600.0,47060.0,1.7976931348623157e+308,1.7976931348623157e+308,1.7976931348623157e+308,1.7976931348623157e+308,47070.0,1.7976931348623157e+308,1.7976931348623157e+308,1.7976931348623157e+308,1.7976931348623157e+308,111,0,0,0,0,78,0,0,0,0
20191126,11:03:53.0,2019-11-26 11:03:53,cu2001,SHFE,47070.0,0,63156,215440.0,47180.0,47220.0,47010.0,47100.0,47070.0,49420.0,44710.0,14874419300.0,47060.0,1.7976931348623157e+308,1.7976931348623157e+308,1.7976931348623157e+308,1.7976931348623157e+308,47070.0,1.7976931348623157e+308,1.7976931348623157e+308,1.7976931348623157e+308,1.7976931348623157e+308,111,0,0,0,0,77,0,0,0,0
20191126,11:03:53.500,2019-11-26 11:03:53.500000,cu2001,SHFE,47070.0,0,63156,215440.0,47180.0,47220.0,47010.0,47100.0,47070.0,49420.0,44710.0,14874419300.0,47060.0,1.7976931348623157e+308,1.7976931348623157e+308,1.7976931348623157e+308,1.7976931348623157e+308,47070.0,1.7976931348623157e+308,1.7976931348623157e+308,1.7976931348623157e+308,1.7976931348623157e+308,102,0,0,0,0,77,0,0,0,0
20191126,11:03:54.0,2019-11-26 11:03:54,cu2001,SHFE,47070.0,0,63156,215440.0,47180.0,47220.0,47010.0,47100.0,47070.0,49420.0,44710.0,14874419300.0,47060.0,1.7976931348623157e+308,1.7976931348623157e+308,1.7976931348623157e+308,1.7976931348623157e+308,47070.0,1.7976931348623157e+308,1.7976931348623157e+308,1.7976931348623157e+308,1.7976931348623157e+308,100,0,0,0,0,77,0,0,0,0
20191126,11:03:54.500,2019-11-26 11:03:54.500000,cu2001,SHFE,47070.0,0,63156,215440.0,47180.0,47220.0,47010.0,47100.0,47070.0,49420.0,44710.0,14874419300.0,47060.0,1.7976931348623157e+308,1.7976931348623157e+308,1.7976931348623157e+308,1.7976931348623157e+308,47070.0,1.7976931348623157e+308,1.7976931348623157e+308,1.7976931348623157e+308,1.7976931348623157e+308,100,0,0,0,0,77,0,0,0,0
20191126,11:03:58.0,2019-11-26 11:03:58,cu2001,SHFE,47070.0,0,63156,215440.0,47180.0,47220.0,47010.0,47100.0,47070.0,49420.0,44710.0,14874419300.0,47060.0,1.7976931348623157e+308,1.7976931348623157e+308,1.7976931348623157e+308,1.7976931348623157e+308,47070.0,1.7976931348623157e+308,1.7976931348623157e+308,1.7976931348623157e+308,1.7976931348623157e+308,101,0,0,0,0,77,0,0,0,0
20191126,11:03:58.500,2019-11-26 11:03:58.500000,cu2001,SHFE,47070.0,0,63156,215440.0,47180.0,47220.0,47010.0,47100.0,47070.0,49420.0,44710.0,14874419300.0,47060.0,1.7976931348623157e+308,1.7976931348623157e+308,1.7976931348623157e+308,1.7976931348623157e+308,47070.0,1.7976931348623157e+308,1.7976931348623157e+308,1.7976931348623157e+308,1.7976931348623157e+308,101,0,0,0,0,77,0,0,0,0
20191126,11:03:59.500,2019-11-26 11:03:59.500000,cu2001,SHFE,47070.0,0,63156,215440.0,47180.0,47220.0,47010.0,47100.0,47070.0,49420.0,44710.0,14874419300.0,47060.0,1.7976931348623157e+308,1.7976931348623157e+308,1.7976931348623157e+308,1.7976931348623157e+308,47070.0,1.7976931348623157e+308,1.7976931348623157e+308,1.7976931348623157e+308,1.7976931348623157e+308,101,0,0,0,0,76,0,0,0,0
20191126,11:04:00.0,2019-11-26 11:04:00,cu2001,SHFE,47070.0,0,63156,215440.0,47180.0,47220.0,47010.0,47100.0,47070.0,49420.0,44710.0,14874419300.0,47060.0,1.7976931348623157e+308,1.7976931348623157e+308,1.7976931348623157e+308,1.7976931348623157e+308,47070.0,1.7976931348623157e+308,1.7976931348623157e+308,1.7976931348623157e+308,1.7976931348623157e+308,103,0,0,0,0,76,0,0,0,0
20191126,11:04:00.500,2019-11-26 11:04:00.500000,cu2001,SHFE,47070.0,0,63156,215440.0,47180.0,47220.0,47010.0,47100.0,47070.0,49420.0,44710.0,14874419300.0,47060.0,1.7976931348623157e+308,1.7976931348623157e+308,1.7976931348623157e+308,1.7976931348623157e+308,47070.0,1.7976931348623157e+308,1.7976931348623157e+308,1.7976931348623157e+308,1.7976931348623157e+308,103,0,0,0,0,78,0,0,0,0
20191126,11:04:01.0,2019-11-26 11:04:01,cu2001,SHFE,47070.0,0,63156,215440.0,47180.0,47220.0,47010.0,47100.0,47070.0,49420.0,44710.0,14874419300.0,47060.0,1.7976931348623157e+308,1.7976931348623157e+308,1.7976931348623157e+308,1.7976931348623157e+308,47070.0,1.7976931348623157e+308,1.7976931348623157e+308,1.7976931348623157e+308,1.7976931348623157e+308,103,0,0,0,0,76,0,0,0,0
20191126,11:04:03.0,2019-11-26 11:04:03,cu2001,SHFE,47070.0,0,63158,215440.0,47180.0,47220.0,47010.0,47100.0,47070.0,49420.0,44710.0,14874890000.0,47060.0,1.7976931348623157e+308,1.7976931348623157e+308,1.7976931348623157e+308,1.7976931348623157e+308,47070.0,1.7976931348623157e+308,1.7976931348623157e+308,1.7976931348623157e+308,1.7976931348623157e+308,103,0,0,0,0,75,0,0,0,0
20191126,11:04:06.0,2019-11-26 11:04:06,cu2001,SHFE,47070.0,0,63158,215440.0,47180.0,47220.0,47010.0,47100.0,47070.0,49420.0,44710.0,14874890000.0,47060.0,1.7976931348623157e+308,1.7976931348623157e+308,1.7976931348623157e+308,1.7976931348623157e+308,47070.0,1.7976931348623157e+308,1.7976931348623157e+308,1.7976931348623157e+308,1.7976931348623157e+308,103,0,0,0,0,75,0,0,0,0
20191126,11:04:08.0,2019-11-26 11:04:08,cu2001,SHFE,47070.0,0,63158,215440.0,47180.0,47220.0,47010.0,47100.0,47070.0,49420.0,44710.0,14874890000.0,47060.0,1.7976931348623157e+308,1.7976931348623157e+308,1.7976931348623157e+308,1.7976931348623157e+308,47070.0,1.7976931348623157e+308,1.7976931348623157e+308,1.7976931348623157e+308,1.7976931348623157e+308,103,0,0,0,0,75,0,0,0,0
20191126,11:04:11.0,2019-11-26 11:04:11,cu2001,SHFE,47070.0,0,63160,215440.0,47180.0,47220.0,47010.0,47100.0,47070.0,49420.0,44710.0,14875360700.0,47060.0,1.7976931348623157e+308,1.7976931348623157e+308,1.7976931348623157e+308,1.7976931348623157e+308,47070.0,1.7976931348623157e+308,1.7976931348623157e+308,1.7976931348623157e+308,1.7976931348623157e+308,103,0,0,0,0,74,0,0,0,0
20191126,11:04:11.500,2019-11-26 11:04:11.500000,cu2001,SHFE,47070.0,0,63160,215440.0,47180.0,47220.0,47010.0,47100.0,47070.0,49420.0,44710.0,14875360700.0,47060.0,1.7976931348623157e+308,1.7976931348623157e+308,1.7976931348623157e+308,1.7976931348623157e+308,47070.0,1.7976931348623157e+308,1.7976931348623157e+308,1.7976931348623157e+308,1.7976931348623157e+308,103,0,0,0,0,74,0,0,0,0
20191126,11:04:12.0,2019-11-26 11:04:12,cu2001,SHFE,47070.0,0,63160,215440.0,47180.0,47220.0,47010.0,47100.0,47070.0,49420.0,44710.0,14875360700.0,47060.0,1.7976931348623157e+308,1.7976931348623157e+308,1.7976931348623157e+308,1.7976931348623157e+308,47070.0,1.7976931348623157e+308,1.7976931348623157e+308,1.7976931348623157e+308,1.7976931348623157e+308,103,0,0,0,0,74,0,0,0,0
20191126,11:04:12.500,2019-11-26 11:04:12.500000,cu2001,SHFE,47070.0,0,63160,215440.0,47180.0,47220.0,47010.0,47100.0,47070.0,49420.0,44710.0,14875360700.0,47060.0,1.7976931348623157e+308,1.7976931348623157e+308,1.7976931348623157e+308,1.7976931348623157e+308,47070.0,1.7976931348623157e+308,1.7976931348623157e+308,1.7976931348623157e+308,1.7976931348623157e+308,103,0,0,0,0,75,0,0,0,0
20191126,11:04:14.0,2019-11-26 11:04:14,cu2001,SHFE,47070.0,0,63160,215440.0,47180.0,47220.0,47010.0,47100.0,47070.0,49420.0,44710.0,14875360700.0,47060.0,1.7976931348623157e+308,1.7976931348623157e+308,1.7976931348623157e+308,1.7976931348623157e+308,47070.0,1.7976931348623157e+308,1.7976931348623157e+308,1.7976931348623157e+308,1.7976931348623157e+308,103,0,0,0,0,75,0,0,0,0
20191126,11:04:14.500,2019-11-26 11:04:14.500000,cu2001,SHFE,47070.0,0,63160,215440.0,47180.0,47220.0,47010.0,47100.0,47070.0,49420.0,44710.0,14875360700.0,47060.0,1.7976931348623157e+308,1.7976931348623157e+308,1.7976931348623157e+308,1.7976931348623157e+308,47070.0,1.7976931348623157e+308,1.7976931348623157e+308,1.7976931348623157e+308,1.7976931348623157e+308,102,0,0,0,0,77,0,0,0,0
20191126,11:04:15.0,2019-11-26 11:04:15,cu2001,SHFE,47070.0,0,63160,215440.0,47180.0,47220.0,47010.0,47100.0,47070.0,49420.0,44710.0,14875360700.0,47060.0,1.7976931348623157e+308,1.7976931348623157e+308,1.7976931348623157e+308,1.7976931348623157e+308,47070.0,1.7976931348623157e+308,1.7976931348623157e+308,1.7976931348623157e+308,1.7976931348623157e+308,101,0,0,0,0,78,0,0,0,0
20191126,11:04:15.500,2019-11-26 11:04:15.500000,cu2001,SHFE,47070.0,0,63160,215440.0,47180.0,47220.0,47010.0,47100.0,47070.0,49420.0,44710.0,14875360700.0,47060.0,1.7976931348623157e+308,1.7976931348623157e+308,1.7976931348623157e+308,1.7976931348623157e+308,47070.0,1.7976931348623157e+308,1.7976931348623157e+308,1.7976931348623157e+308,1.7976931348623157e+308,101,0,0,0,0,78,0,0,0,0
20191126,11:04:16.0,2019-11-26 11:04:16,cu2001,SHFE,47070.0,0,63160,215440.0,47180.0,47220.0,47010.0,47100.0,47070.0,49420.0,44710.0,14875360700.0,47060.0,1.7976931348623157e+308,1.7976931348623157e+308,1.7976931348623157e+308,1.7976931348623157e+308,47070.0,1.7976931348623157e+308,1.7976931348623157e+308,1.7976931348623157e+308,1.7976931348623157e+308,101,0,0,0,0,78,0,0,0,0
20191126,11:04:16.500,2019-11-26 11:04:16.500000,cu2001,SHFE,47070.0,0,63160,215440.0,47180.0,47220.0,47010.0,47100.0,47070.0,49420.0,44710.0,14875360700.0,47060.0,1.7976931348623157e+308,1.7976931348623157e+308,1.7976931348623157e+308,1.7976931348623157e+308,47070.0,1.7976931348623157e+308,1.7976931348623157e+308,1.7976931348623157e+308,1.7976931348623157e+308,101,0,0,0,0,78,0,0,0,0
20191126,11:04:18.0,2019-11-26 11:04:18,cu2001,SHFE,47070.0,0,63160,215440.0,47180.0,47220.0,47010.0,47100.0,47070.0,49420.0,44710.0,14875360700.0,47060.0,1.7976931348623157e+308,1.7976931348623157e+308,1.7976931348623157e+308,1.7976931348623157e+308,47070.0,1.7976931348623157e+308,1.7976931348623157e+308,1.7976931348623157e+308,1.7976931348623157e+308,101,0,0,0,0,78,0,0,0,0
20191126,11:04:19.500,2019-11-26 11:04:19.500000,cu2001,SHFE,47070.0,0,63160,215440.0,47180.0,47220.0,47010.0,47100.0,47070.0,49420.0,44710.0,14875360700.0,47060.0,1.7976931348623157e+308,1.7976931348623157e+308,1.7976931348623157e+308,1.7976931348623157e+308,47070.0,1.7976931348623157e+308,1.7976931348623157e+308,1.7976931348623157e+308,1.7976931348623157e+308,106,0,0,0,0,78,0,0,0,0
20191126,11:04:20.0,2019-11-26 11:04:20,cu2001,SHFE,47070.0,0,63166,215440.0,47180.0,47220.0,47010.0,47100.0,47070.0,49420.0,44710.0,14876772800.0,47060.0,1.7976931348623157e+308,1.7976931348623157e+308,1.7976931348623157e+308,1.7976931348623157e+308,47070.0,1.7976931348623157e+308,1.7976931348623157e+308,1.7976931348623157e+308,1.7976931348623157e+308,106,0,0,0,0,75,0,0,0,0
