date,time,datetime,symbol,exchange,lastPrice,lastVolume,volume,openInterest,openPrice,highPrice,lowPrice,preClosePrice,preSettlementPrice,upperLimit,lowerLimit,turnover,bidPrice1,bidPrice2,bidPrice3,bidPrice4,bidPrice5,askPrice1,askPrice2,askPrice3,askPrice4,askPrice5,bidVolume1,bidVolume2,bidVolume3,bidVolume4,bidVolume5,askVolume1,askVolume2,askVolume3,askVolume4,askVolume5
20191126,09:41:45.500,2019-11-26 09:41:45.500000,zn2001,SHFE,17955.0,0,160976,243048.0,18010.0,18080.0,17920.0,18035.0,18040.0,18940.0,17135.0,14473128450.0,17950.0,1.7976931348623157e+308,1.7976931348623157e+308,1.7976931348623157e+308,1.7976931348623157e+308,17955.0,1.7976931348623157e+308,1.7976931348623157e+308,1.7976931348623157e+308,1.7976931348623157e+308,86,0,0,0,0,83,0,0,0,0
20191126,10:57:56.0,2019-11-26 10:57:56,zn2001,SHFE,17940.0,0,200906,240912.0,18010.0,18080.0,17920.0,18035.0,18040.0,18940.0,17135.0,18057303000.0,17940.0,1.7976931348623157e+308,1.7976931348623157e+308,1.7976931348623157e+308,1.7976931348623157e+308,17945.0,1.7976931348623157e+308,1.7976931348623157e+308,1.7976931348623157e+308,1.7976931348623157e+308,66,0,0,0,0,72,0,0,0,0
20191126,10:57:56.500,2019-11-26 10:57:56.500000,zn2001,SHFE,17940.0,0,200908,240910.0,18010.0,18080.0,17920.0,18035.0,18040.0,18940.0,17135.0,18057482400.0,17940.0,1.7976931348623157e+308,1.7976931348623157e+308,1.7976931348623157e+308,1.7976931348623157e+308,17945.0,1.7976931348623157e+308,1.7976931348623157e+308,1.7976931348623157e+308,1.7976931348623157e+308,69,0,0,0,0,72,0,0,0,0
20191126,10:57:57.500,2019-11-26 10:57:57.500000,zn2001,SHFE,17940.0,0,200908,240910.0,18010.0,18080.0,17920.0,18035.0,18040.0,18940.0,17135.0,18057482400.0,17940.0,1.7976931348623157e+308,1.7976931348623157e+308,1.7976931348623157e+308,1.7976931348623157e+308,17945.0,1.7976931348623157e+308,1.7976931348623157e+308,1.7976931348623157e+308,1.7976931348623157e+308,62,0,0,0,0,72,0,0,0,0
20191126,10:57:58.0,2019-11-26 10:57:58,zn2001,SHFE,17940.0,0,200908,240910.0,18010.0,18080.0,17920.0,18035.0,18040.0,18940.0,17135.0,18057482400.0,17940.0,1.7976931348623157e+308,1.7976931348623157e+308,1.7976931348623157e+308,1.7976931348623157e+308,17945.0,1.7976931348623157e+308,1.7976931348623157e+308,1.7976931348623157e+308,1.7976931348623157e+308,59,0,0,0,0,76,0,0,0,0
20191126,10:57:58.500,2019-11-26 10:57:58.500000,zn2001,SHFE,17940.0,0,200908,240910.0,18010.0,18080.0,17920.0,18035.0,18040.0,18940.0,17135.0,18057482400.0,17940.0,1.7976931348623157e+308,1.7976931348623157e+308,1.7976931348623157e+308,1.7976931348623157e+308,17945.0,1.7976931348623157e+308,1.7976931348623157e+308,1.7976931348623157e+308,1.7976931348623157e+308,239,0,0,0,0,76,0,0,0,0
20191126,10:57:59.0,2019-11-26 10:57:59,zn2001,SHFE,17940.0,0,200908,240910.0,18010.0,18080.0,17920.0,18035.0,18040.0,18940.0,17135.0,18057482400.0,17940.0,1.7976931348623157e+308,1.7976931348623157e+308,1.7976931348623157e+308,1.7976931348623157e+308,17945.0,1.7976931348623157e+308,1.7976931348623157e+308,1.7976931348623157e+308,1.7976931348623157e+308,240,0,0,0,0,73,0,0,0,0
20191126,10:58:00.500,2019-11-26 10:58:00.500000,zn2001,SHFE,17945.0,0,200910,240912.0,18010.0,18080.0,17920.0,18035.0,18040.0,18940.0,17135.0,18057661850.0,17940.0,1.7976931348623157e+308,1.7976931348623157e+308,1.7976931348623157e+308,1.7976931348623157e+308,17945.0,1.7976931348623157e+308,1.7976931348623157e+308,1.7976931348623157e+308,1.7976931348623157e+308,242,0,0,0,0,72,0,0,0,0
20191126,10:58:01.0,2019-11-26 10:58:01,zn2001,SHFE,17945.0,0,200910,240912.0,18010.0,18080.0,17920.0,18035.0,18040.0,18940.0,17135.0,18057661850.0,17940.0,1.7976931348623157e+308,1.7976931348623157e+308,1.7976931348623157e+308,1.7976931348623157e+308,17945.0,1.7976931348623157e+308,1.7976931348623157e+308,1.7976931348623157e+308,1.7976931348623157e+308,243,0,0,0,0,73,0,0,0,0
20191126,10:58:02.0,2019-11-26 10:58:02,zn2001,SHFE,17945.0,0,200910,240912.0,18010.0,18080.0,17920.0,18035.0,18040.0,18940.0,17135.0,18057661850.0,17940.0,1.7976931348623157e+308,1.7976931348623157e+308,1.7976931348623157e+308,1.7976931348623157e+308,17945.0,1.7976931348623157e+308,1.7976931348623157e+308,1.7976931348623157e+308,1.7976931348623157e+308,54,0,0,0,0,100,0,0,0,0
20191126,10:58:02.500,2019-11-26 10:58:02.500000,zn2001,SHFE,17940.0,0,200954,240910.0,18010.0,18080.0,17920.0,18035.0,18040.0,18940.0,17135.0,18061608650.0,17940.0,1.7976931348623157e+308,1.7976931348623157e+308,1.7976931348623157e+308,1.7976931348623157e+308,17945.0,1.7976931348623157e+308,1.7976931348623157e+308,1.7976931348623157e+308,1.7976931348623157e+308,29,0,0,0,0,102,0,0,0,0
20191126,10:58:03.0,2019-11-26 10:58:03,zn2001,SHFE,17940.0,0,201012,240938.0,18010.0,18080.0,17920.0,18035.0,18040.0,18940.0,17135.0,18066811250.0,17935.0,1.7976931348623157e+308,1.7976931348623157e+308,1.7976931348623157e+308,1.7976931348623157e+308,17945.0,1.7976931348623157e+308,1.7976931348623157e+308,1.7976931348623157e+308,1.7976931348623157e+308,98,0,0,0,0,103,0,0,0,0
20191126,10:58:03.500,2019-11-26 10:58:03.500000,zn2001,SHFE,17940.0,0,201014,240938.0,18010.0,18080.0,17920.0,18035.0,18040.0,18940.0,17135.0,18066990650.0,17935.0,1.7976931348623157e+308,1.7976931348623157e+308,1.7976931348623157e+308,1.7976931348623157e+308,17940.0,1.7976931348623157e+308,1.7976931348623157e+308,1.7976931348623157e+308,1.7976931348623157e+308,111,0,0,0,0,4,0,0,0,0
20191126,10:58:04.0,2019-11-26 10:58:04,zn2001,SHFE,17935.000000000004,0,201034,240938.0,18010.0,18080.0,17920.0,18035.0,18040.0,18940.0,17135.0,18068784450.0,17935.0,1.7976931348623157e+308,1.7976931348623157e+308,1.7976931348623157e+308,1.7976931348623157e+308,17940.0,1.7976931348623157e+308,1.7976931348623157e+308,1.7976931348623157e+308,1.7976931348623157e+308,98,0,0,0,0,17,0,0,0,0
20191126,10:58:04.500,2019-11-26 10:58:04.500000,zn2001,SHFE,17935.000000000004,0,201036,240938.0,18010.0,18080.0,17920.0,18035.0,18040.0,18940.0,17135.0,18068963800.0,17935.0,1.7976931348623157e+308,1.7976931348623157e+308,1.7976931348623157e+308,1.7976931348623157e+308,17940.0,1.7976931348623157e+308,1.7976931348623157e+308,1.7976931348623157e+308,1.7976931348623157e+308,99,0,0,0,0,26,0,0,0,0
20191126,10:58:05.0,2019-11-26 10:58:05,zn2001,SHFE,17935.000000000004,0,201036,240938.0,18010.0,18080.0,17920.0,18035.0,18040.0,18940.0,17135.0,18068963800.0,17935.0,1.7976931348623157e+308,1.7976931348623157e+308,1.7976931348623157e+308,1.7976931348623157e+308,17940.0,1.7976931348623157e+308,1.7976931348623157e+308,1.7976931348623157e+308,1.7976931348623157e+308,96,0,0,0,0,46,0,0,0,0
20191126,10:58:05.500,2019-11-26 10:58:05.500000,zn2001,SHFE,17935.000000000004,0,201036,240938.0,18010.0,18080.0,17920.0,18035.0,18040.0,18940.0,17135.0,18068963800.0,17935.0,1.7976931348623157e+308,1.7976931348623157e+308,1.7976931348623157e+308,1.7976931348623157e+308,17940.0,1.7976931348623157e+308,1.7976931348623157e+308,1.7976931348623157e+308,1.7976931348623157e+308,96,0,0,0,0,47,0,0,0,0
20191126,10:58:06.0,2019-11-26 10:58:06,zn2001,SHFE,17935.000000000004,0,201036,240938.0,18010.0,18080.0,17920.0,18035.0,18040.0,18940.0,17135.0,18068963800.0,17935.0,1.7976931348623157e+308,1.7976931348623157e+308,1.7976931348623157e+308,1.7976931348623157e+308,17940.0,1.7976931348623157e+308,1.7976931348623157e+308,1.7976931348623157e+308,1.7976931348623157e+308,93,0,0,0,0,47,0,0,0,0
20191126,10:58:07.500,2019-11-26 10:58:07.500000,zn2001,SHFE,17935.000000000004,0,201036,240938.0,18010.0,18080.0,17920.0,18035.0,18040.0,18940.0,17135.0,18068963800.0,17935.0,1.7976931348623157e+308,1.7976931348623157e+308,1.7976931348623157e+308,1.7976931348623157e+308,17940.0,1.7976931348623157e+308,1.7976931348623157e+308,1.7976931348623157e+308,1.7976931348623157e+308,93,0,0,0,0,47,0,0,0,0
20191126,10:58:09.500,2019-11-26 10:58:09.500000,zn2001,SHFE,17935.000000000004,0,201036,240938.0,18010.0,18080.0,17920.0,18035.0,18040.0,18940.0,17135.0,18068963800.0,17935.0,1.7976931348623157e+308,1.7976931348623157e+308,1.7976931348623157e+308,1.7976931348623157e+308,17940.0,1.7976931348623157e+308,1.7976931348623157e+308,1.7976931348623157e+308,1.7976931348623157e+308,93,0,0,0,0,67,0,0,0,0
20191126,10:58:10.0,2019-11-26 10:58:10,zn2001,SHFE,17935.000000000004,0,201036,240938.0,18010.0,18080.0,17920.0,18035.0,18040.0,18940.0,17135.0,18068963800.0,17935.0,1.7976931348623157e+308,1.7976931348623157e+308,1.7976931348623157e+308,1.7976931348623157e+308,17940.0,1.7976931348623157e+308,1.7976931348623157e+308,1.7976931348623157e+308,1.7976931348623157e+308,93,0,0,0,0,67,0,0,0,0
20191126,10:58:11.0,2019-11-26 10:58:11,zn2001,SHFE,17935.000000000004,0,201038,240940.0,18010.0,18080.0,17920.0,18035.0,18040.0,18940.0,17135.0,18069143150.0,17935.0,1.7976931348623157e+308,1.7976931348623157e+308,1.7976931348623157e+308,1.7976931348623157e+308,17940.0,1.7976931348623157e+308,1.7976931348623157e+308,1.7976931348623157e+308,1.7976931348623157e+308,92,0,0,0,0,67,0,0,0,0
20191126,10:58:11.500,2019-11-26 10:58:11.500000,zn2001,SHFE,17935.000000000004,0,201038,240940.0,18010.0,18080.0,17920.0,18035.0,18040.0,18940.0,17135.0,18069143150.0,17935.0,1.7976931348623157e+308,1.7976931348623157e+308,1.7976931348623157e+308,1.7976931348623157e+308,17940.0,1.7976931348623157e+308,1.7976931348623157e+308,1.7976931348623157e+308,1.7976931348623157e+308,92,0,0,0,0,67,0,0,0,0
20191126,10:58:12.0,2019-11-26 10:58:12,zn2001,SHFE,17935.000000000004,0,201038,240940.0,18010.0,18080.0,17920.0,18035.0,18040.0,18940.0,17135.0,18069143150.0,17935.0,1.7976931348623157e+308,1.7976931348623157e+308,1.7976931348623157e+308,1.7976931348623157e+308,17940.0,1.7976931348623157e+308,1.7976931348623157e+308,1.7976931348623157e+308,1.7976931348623157e+308,92,0,0,0,0,68,0,0,0,0
20191126,10:58:13.0,2019-11-26 10:58:13,zn2001,SHFE,17935.000000000004,0,201038,240940.0,18010.0,18080.0,17920.0,18035.0,18040.0,18940.0,17135.0,18069143150.0,17935.0,1.7976931348623157e+308,1.7976931348623157e+308,1.7976931348623157e+308,1.7976931348623157e+308,17940.0,1.7976931348623157e+308,1.7976931348623157e+308,1.7976931348623157e+308,1.7976931348623157e+308,92,0,0,0,0,68,0,0,0,0
20191126,10:58:14.500,2019-11-26 10:58:14.500000,zn2001,SHFE,17935.000000000004,0,201038,240940.0,18010.0,18080.0,17920.0,18035.0,18040.0,18940.0,17135.0,18069143150.0,17935.0,1.7976931348623157e+308,1.7976931348623157e+308,1.7976931348623157e+308,1.7976931348623157e+308,17940.0,1.7976931348623157e+308,1.7976931348623157e+308,1.7976931348623157e+308,1.7976931348623157e+308,93,0,0,0,0,68,0,0,0,0
20191126,10:58:18.0,2019-11-26 10:58:18,zn2001,SHFE,17935.000000000004,0,201038,240940.0,18010.0,18080.0,17920.0,18035.0,18040.0,18940.0,17135.0,18069143150.0,17935.0,1.7976931348623157e+308,1.7976931348623157e+308,1.7976931348623157e+308,1.7976931348623157e+308,17940.0,1.7976931348623157e+308,1.7976931348623157e+308,1.7976931348623157e+308,1.7976931348623157e+308,96,0,0,0,0,68,0,0,0,0
20191126,10:58:18.500,2019-11-26 10:58:18.500000,zn2001,SHFE,17935.000000000004,0,201038,240940.0,18010.0,18080.0,17920.0,18035.0,18040.0,18940.0,17135.0,18069143150.0,17935.0,1.7976931348623157e+308,1.7976931348623157e+308,1.7976931348623157e+308,1.7976931348623157e+308,17940.0,1.7976931348623157e+308,1.7976931348623157e+308,1.7976931348623157e+308,1.7976931348623157e+308,96,0,0,0,0,68,0,0,0,0
20191126,10:58:19.500,2019-11-26 10:58:19.500000,zn2001,SHFE,17935.000000000004,0,201038,240940.0,18010.0,18080.0,17920.0,18035.0,18040.0,18940.0,17135.0,18069143150.0,17935.0,1.7976931348623157e+308,1.7976931348623157e+308,1.7976931348623157e+308,1.7976931348623157e+308,17940.0,1.7976931348623157e+308,1.7976931348623157e+308,1.7976931348623157e+308,1.7976931348623157e+308,97,0,0,0,0,68,0,0,0,0
20191126,10:58:23.500,2019-11-26 10:58:23.500000,zn2001,SHFE,17935.000000000004,0,201038,240940.0,18010.0,18080.0,17920.0,18035.0,18040.0,18940.0,17135.0,18069143150.0,17935.0,1.7976931348623157e+308,1.7976931348623157e+308,1.7976931348623157e+308,1.7976931348623157e+308,17940.0,1.7976931348623157e+308,1.7976931348623157e+308,1.7976931348623157e+308,1.7976931348623157e+308,98,0,0,0,0,68,0,0,0,0
20191126,10:58:24.0,2019-11-26 10:58:24,zn2001,SHFE,17940.0,0,201052,240940.0,18010.0,18080.0,17920.0,18035.0,18040.0,18940.0,17135.0,18070398950.0,17935.0,1.7976931348623157e+308,1.7976931348623157e+308,1.7976931348623157e+308,1.7976931348623157e+308,17940.0,1.7976931348623157e+308,1.7976931348623157e+308,1.7976931348623157e+308,1.7976931348623157e+308,98,0,0,0,0,61,0,0,0,0
20191126,10:58:24.500,2019-11-26 10:58:24.500000,zn2001,SHFE,17935.0,0,201056,240940.0,18010.0,18080.0,17920.0,18035.0,18040.0,18940.0,17135.0,18070757650.0,17935.0,1.7976931348623157e+308,1.7976931348623157e+308,1.7976931348623157e+308,1.7976931348623157e+308,17940.0,1.7976931348623157e+308,1.7976931348623157e+308,1.7976931348623157e+308,1.7976931348623157e+308,96,0,0,0,0,58,0,0,0,0
20191126,10:58:25.500,2019-11-26 10:58:25.500000,zn2001,SHFE,17935.0,0,201056,240940.0,18010.0,18080.0,17920.0,18035.0,18040.0,18940.0,17135.0,18070757650.0,17935.0,1.7976931348623157e+308,1.7976931348623157e+308,1.7976931348623157e+308,1.7976931348623157e+308,17940.0,1.7976931348623157e+308,1.7976931348623157e+308,1.7976931348623157e+308,1.7976931348623157e+308,96,0,0,0,0,58,0,0,0,0
20191126,10:58:26.0,2019-11-26 10:58:26,zn2001,SHFE,17935.0,0,201056,240940.0,18010.0,18080.0,17920.0,18035.0,18040.0,18940.0,17135.0,18070757650.0,17935.0,1.7976931348623157e+308,1.7976931348623157e+308,1.7976931348623157e+308,1.7976931348623157e+308,17940.0,1.7976931348623157e+308,1.7976931348623157e+308,1.7976931348623157e+308,1.7976931348623157e+308,95,0,0,0,0,58,0,0,0,0
20191126,10:58:27.0,2019-11-26 10:58:27,zn2001,SHFE,17935.0,0,201056,240940.0,18010.0,18080.0,17920.0,18035.0,18040.0,18940.0,17135.0,18070757650.0,17935.0,1.7976931348623157e+308,1.7976931348623157e+308,1.7976931348623157e+308,1.7976931348623157e+308,17940.0,1.7976931348623157e+308,1.7976931348623157e+308,1.7976931348623157e+308,1.7976931348623157e+308,99,0,0,0,0,58,0,0,0,0
20191126,10:58:27.500,2019-11-26 10:58:27.500000,zn2001,SHFE,17935.0,0,201056,240940.0,18010.0,18080.0,17920.0,18035.0,18040.0,18940.0,17135.0,18070757650.0,17935.0,1.7976931348623157e+308,1.7976931348623157e+308,1.7976931348623157e+308,1.7976931348623157e+308,17940.0,1.7976931348623157e+308,1.7976931348623157e+308,1.7976931348623157e+308,1.7976931348623157e+308,99,0,0,0,0,63,0,0,0,0
20191126,10:58:28.0,2019-11-26 10:58:28,zn2001,SHFE,17935.0,0,201056,240940.0,18010.0,18080.0,17920.0,18035.0,18040.0,18940.0,17135.0,18070757650.0,17935.0,1.7976931348623157e+308,1.7976931348623157e+308,1.7976931348623157e+308,1.7976931348623157e+308,17940.0,1.7976931348623157e+308,1.7976931348623157e+308,1.7976931348623157e+308,1.7976931348623157e+308,100,0,0,0,0,63,0,0,0,0
20191126,10:58:31.0,2019-11-26 10:58:31,zn2001,SHFE,17935.0,0,201060,240940.0,18010.0,18080.0,17920.0,18035.0,18040.0,18940.0,17135.0,18071116350.0,17935.0,1.7976931348623157e+308,1.7976931348623157e+308,1.7976931348623157e+308,1.7976931348623157e+308,17940.0,1.7976931348623157e+308,1.7976931348623157e+308,1.7976931348623157e+308,1.7976931348623157e+308,98,0,0,0,0,63,0,0,0,0
20191126,10:58:31.500,2019-11-26 10:58:31.500000,zn2001,SHFE,17940.0,0,201070,240950.0,18010.0,18080.0,17920.0,18035.0,18040.0,18940.0,17135.0,18072013350.0,17935.0,1.7976931348623157e+308,1.7976931348623157e+308,1.7976931348623157e+308,1.7976931348623157e+308,17940.0,1.7976931348623157e+308,1.7976931348623157e+308,1.7976931348623157e+308,1.7976931348623157e+308,98,0,0,0,0,58,0,0,0,0
20191126,10:58:32.0,2019-11-26 10:58:32,zn2001,SHFE,17940.0,0,201072,240952.0,18010.0,18080.0,17920.0,18035.0,18040.0,18940.0,17135.0,18072192750.0,17935.0,1.7976931348623157e+308,1.7976931348623157e+308,1.7976931348623157e+308,1.7976931348623157e+308,17940.0,1.7976931348623157e+308,1.7976931348623157e+308,1.7976931348623157e+308,1.7976931348623157e+308,98,0,0,0,0,57,0,0,0,0
20191126,10:58:32.500,2019-11-26 10:58:32.500000,zn2001,SHFE,17940.0,0,201072,240952.0,18010.0,18080.0,17920.0,18035.0,18040.0,18940.0,17135.0,18072192750.0,17935.0,1.7976931348623157e+308,1.7976931348623157e+308,1.7976931348623157e+308,1.7976931348623157e+308,17940.0,1.7976931348623157e+308,1.7976931348623157e+308,1.7976931348623157e+308,1.7976931348623157e+308,98,0,0,0,0,57,0,0,0,0
20191126,10:58:33.0,2019-11-26 10:58:33,zn2001,SHFE,17940.0,0,201072,240952.0,18010.0,18080.0,17920.0,18035.0,18040.0,18940.0,17135.0,18072192750.0,17935.0,1.7976931348623157e+308,1.7976931348623157e+308,1.7976931348623157e+308,1.7976931348623157e+308,17940.0,1.7976931348623157e+308,1.7976931348623157e+308,1.7976931348623157e+308,1.7976931348623157e+308,98,0,0,0,0,57,0,0,0,0
20191126,10:58:34.0,2019-11-26 10:58:34,zn2001,SHFE,17940.0,0,201072,240952.0,18010.0,18080.0,17920.0,18035.0,18040.0,18940.0,17135.0,18072192750.0,17935.0,1.7976931348623157e+308,1.7976931348623157e+308,1.7976931348623157e+308,1.7976931348623157e+308,17940.0,1.7976931348623157e+308,1.7976931348623157e+308,1.7976931348623157e+308,1.7976931348623157e+308,98,0,0,0,0,57,0,0,0,0
20191126,10:58:34.500,2019-11-26 10:58:34.500000,zn2001,SHFE,17940.0,0,201072,240952.0,18010.0,18080.0,17920.0,18035.0,18040.0,18940.0,17135.0,18072192750.0,17935.0,1.7976931348623157e+308,1.7976931348623157e+308,1.7976931348623157e+308,1.7976931348623157e+308,17940.0,1.7976931348623157e+308,1.7976931348623157e+308,1.7976931348623157e+308,1.7976931348623157e+308,98,0,0,0,0,57,0,0,0,0
20191126,10:58:35.500,2019-11-26 10:58:35.500000,zn2001,SHFE,17940.0,0,201072,240952.0,18010.0,18080.0,17920.0,18035.0,18040.0,18940.0,17135.0,18072192750.0,17935.0,1.7976931348623157e+308,1.7976931348623157e+308,1.7976931348623157e+308,1.7976931348623157e+308,17940.0,1.7976931348623157e+308,1.7976931348623157e+308,1.7976931348623157e+308,1.7976931348623157e+308,98,0,0,0,0,57,0,0,0,0
20191126,10:58:36.500,2019-11-26 10:58:36.500000,zn2001,SHFE,17940.0,0,201072,240952.0,18010.0,18080.0,17920.0,18035.0,18040.0,18940.0,17135.0,18072192750.0,17935.0,1.7976931348623157e+308,1.7976931348623157e+308,1.7976931348623157e+308,1.7976931348623157e+308,17940.0,1.7976931348623157e+308,1.7976931348623157e+308,1.7976931348623157e+308,1.7976931348623157e+308,98,0,0,0,0,57,0,0,0,0
20191126,10:58:37.0,2019-11-26 10:58:37,zn2001,SHFE,17935.0,0,201074,240954.0,18010.0,18080.0,17920.0,18035.0,18040.0,18940.0,17135.0,18072372100.0,17935.0,1.7976931348623157e+308,1.7976931348623157e+308,1.7976931348623157e+308,1.7976931348623157e+308,17940.0,1.7976931348623157e+308,1.7976931348623157e+308,1.7976931348623157e+308,1.7976931348623157e+308,97,0,0,0,0,57,0,0,0,0
20191126,10:58:37.500,2019-11-26 10:58:37.500000,zn2001,SHFE,17935.0,0,201074,240954.0,18010.0,18080.0,17920.0,18035.0,18040.0,18940.0,17135.0,18072372100.0,17935.0,1.7976931348623157e+308,1.7976931348623157e+308,1.7976931348623157e+308,1.7976931348623157e+308,17940.0,1.7976931348623157e+308,1.7976931348623157e+308,1.7976931348623157e+308,1.7976931348623157e+308,97,0,0,0,0,64,0,0,0,0
20191126,10:58:39.0,2019-11-26 10:58:39,zn2001,SHFE,17935.0,0,201076,240954.0,18010.0,18080.0,17920.0,18035.0,18040.0,18940.0,17135.0,18072551450.0,17935.0,1.7976931348623157e+308,1.7976931348623157e+308,1.7976931348623157e+308,1.7976931348623157e+308,17940.0,1.7976931348623157e+308,1.7976931348623157e+308,1.7976931348623157e+308,1.7976931348623157e+308,96,0,0,0,0,65,0,0,0,0
20191126,10:58:39.500,2019-11-26 10:58:39.500000,zn2001,SHFE,17935.0,0,201076,240954.0,18010.0,18080.0,17920.0,18035.0,18040.0,18940.0,17135.0,18072551450.0,17935.0,1.7976931348623157e+308,1.7976931348623157e+308,1.7976931348623157e+308,1.7976931348623157e+308,17940.0,1.7976931348623157e+308,1.7976931348623157e+308,1.7976931348623157e+308,1.7976931348623157e+308,96,0,0,0,0,69,0,0,0,0
20191126,10:58:40.0,2019-11-26 10:58:40,zn2001,SHFE,17935.0,0,201076,240954.0,18010.0,18080.0,17920.0,18035.0,18040.0,18940.0,17135.0,18072551450.0,17935.0,1.7976931348623157e+308,1.7976931348623157e+308,1.7976931348623157e+308,1.7976931348623157e+308,17940.0,1.7976931348623157e+308,1.7976931348623157e+308,1.7976931348623157e+308,1.7976931348623157e+308,96,0,0,0,0,69,0,0,0,0
20191126,10:58:40.500,2019-11-26 10:58:40.500000,zn2001,SHFE,17935.0,0,201076,240954.0,18010.0,18080.0,17920.0,18035.0,18040.0,18940.0,17135.0,18072551450.0,17935.0,1.7976931348623157e+308,1.7976931348623157e+308,1.7976931348623157e+308,1.7976931348623157e+308,17940.0,1.7976931348623157e+308,1.7976931348623157e+308,1.7976931348623157e+308,1.7976931348623157e+308,96,0,0,0,0,69,0,0,0,0
20191126,10:58:41.500,2019-11-26 10:58:41.500000,zn2001,SHFE,17935.0,0,201076,240954.0,18010.0,18080.0,17920.0,18035.0,18040.0,18940.0,17135.0,18072551450.0,17935.0,1.7976931348623157e+308,1.7976931348623157e+308,1.7976931348623157e+308,1.7976931348623157e+308,17940.0,1.7976931348623157e+308,1.7976931348623157e+308,1.7976931348623157e+308,1.7976931348623157e+308,96,0,0,0,0,70,0,0,0,0
20191126,10:58:42.0,2019-11-26 10:58:42,zn2001,SHFE,17935.0,0,201078,240956.0,18010.0,18080.0,17920.0,18035.0,18040.0,18940.0,17135.0,18072730800.0,17935.0,1.7976931348623157e+308,1.7976931348623157e+308,1.7976931348623157e+308,1.7976931348623157e+308,17940.0,1.7976931348623157e+308,1.7976931348623157e+308,1.7976931348623157e+308,1.7976931348623157e+308,95,0,0,0,0,70,0,0,0,0
20191126,10:58:42.500,2019-11-26 10:58:42.500000,zn2001,SHFE,17935.0,0,201078,240956.0,18010.0,18080.0,17920.0,18035.0,18040.0,18940.0,17135.0,18072730800.0,17935.0,1.7976931348623157e+308,1.7976931348623157e+308,1.7976931348623157e+308,1.7976931348623157e+308,17940.0,1.7976931348623157e+308,1.7976931348623157e+308,1.7976931348623157e+308,1.7976931348623157e+308,95,0,0,0,0,70,0,0,0,0
20191126,10:58:43.0,2019-11-26 10:58:43,zn2001,SHFE,17935.0,0,201078,240956.0,18010.0,18080.0,17920.0,18035.0,18040.0,18940.0,17135.0,18072730800.0,17935.0,1.7976931348623157e+308,1.7976931348623157e+308,1.7976931348623157e+308,1.7976931348623157e+308,17940.0,1.7976931348623157e+308,1.7976931348623157e+308,1.7976931348623157e+308,1.7976931348623157e+308,95,0,0,0,0,70,0,0,0,0
20191126,10:58:43.500,2019-11-26 10:58:43.500000,zn2001,SHFE,17935.0,0,201078,240956.0,18010.0,18080.0,17920.0,18035.0,18040.0,18940.0,17135.0,18072730800.0,17935.0,1.7976931348623157e+308,1.7976931348623157e+308,1.7976931348623157e+308,1.7976931348623157e+308,17940.0,1.7976931348623157e+308,1.7976931348623157e+308,1.7976931348623157e+308,1.7976931348623157e+308,95,0,0,0,0,63,0,0,0,0
20191126,10:58:44.500,2019-11-26 10:58:44.500000,zn2001,SHFE,17935.0,0,201078,240956.0,18010.0,18080.0,17920.0,18035.0,18040.0,18940.0,17135.0,18072730800.0,17935.0,1.7976931348623157e+308,1.7976931348623157e+308,1.7976931348623157e+308,1.7976931348623157e+308,17940.0,1.7976931348623157e+308,1.7976931348623157e+308,1.7976931348623157e+308,1.7976931348623157e+308,94,0,0,0,0,63,0,0,0,0
20191126,10:58:45.0,2019-11-26 10:58:45,zn2001,SHFE,17935.0,0,201078,240956.0,18010.0,18080.0,17920.0,18035.0,18040.0,18940.0,17135.0,18072730800.0,17935.0,1.7976931348623157e+308,1.7976931348623157e+308,1.7976931348623157e+308,1.7976931348623157e+308,17940.0,1.7976931348623157e+308,1.7976931348623157e+308,1.7976931348623157e+308,1.7976931348623157e+308,94,0,0,0,0,67,0,0,0,0
20191126,10:58:46.500,2019-11-26 10:58:46.500000,zn2001,SHFE,17935.0,0,201078,240956.0,18010.0,18080.0,17920.0,18035.0,18040.0,18940.0,17135.0,18072730800.0,17935.0,1.7976931348623157e+308,1.7976931348623157e+308,1.7976931348623157e+308,1.7976931348623157e+308,17940.0,1.7976931348623157e+308,1.7976931348623157e+308,1.7976931348623157e+308,1.7976931348623157e+308,94,0,0,0,0,68,0,0,0,0
20191126,10:58:47.500,2019-11-26 10:58:47.500000,zn2001,SHFE,17935.0,0,201078,240956.0,18010.0,18080.0,17920.0,18035.0,18040.0,18940.0,17135.0,18072730800.0,17935.0,1.7976931348623157e+308,1.7976931348623157e+308,1.7976931348623157e+308,1.7976931348623157e+308,17940.0,1.7976931348623157e+308,1.7976931348623157e+308,1.7976931348623157e+308,1.7976931348623157e+308,94,0,0,0,0,68,0,0,0,0
20191126,10:58:48.0,2019-11-26 10:58:48,zn2001,SHFE,17935.0,0,201134,240978.0,18010.0,18080.0,17920.0,18035.0,18040.0,18940.0,17135.0,18077752600.0,17935.0,1.7976931348623157e+308,1.7976931348623157e+308,1.7976931348623157e+308,1.7976931348623157e+308,17940.0,1.7976931348623157e+308,1.7976931348623157e+308,1.7976931348623157e+308,1.7976931348623157e+308,66,0,0,0,0,68,0,0,0,0
20191126,10:58:48.500,2019-11-26 10:58:48.500000,zn2001,SHFE,17935.0,0,201134,240978.0,18010.0,18080.0,17920.0,18035.0,18040.0,18940.0,17135.0,18077752600.0,17935.0,1.7976931348623157e+308,1.7976931348623157e+308,1.7976931348623157e+308,1.7976931348623157e+308,17940.0,1.7976931348623157e+308,1.7976931348623157e+308,1.7976931348623157e+308,1.7976931348623157e+308,67,0,0,0,0,69,0,0,0,0
20191126,10:58:49.0,2019-11-26 10:58:49,zn2001,SHFE,17935.0,0,201134,240978.0,18010.0,18080.0,17920.0,18035.0,18040.0,18940.0,17135.0,18077752600.0,17935.0,1.7976931348623157e+308,1.7976931348623157e+308,1.7976931348623157e+308,1.7976931348623157e+308,17940.0,1.7976931348623157e+308,1.7976931348623157e+308,1.7976931348623157e+308,1.7976931348623157e+308,67,0,0,0,0,69,0,0,0,0
20191126,10:58:51.0,2019-11-26 10:58:51,zn2001,SHFE,17935.0,0,201136,240978.0,18010.0,18080.0,17920.0,18035.0,18040.0,18940.0,17135.0,18077931950.0,17935.0,1.7976931348623157e+308,1.7976931348623157e+308,1.7976931348623157e+308,1.7976931348623157e+308,17940.0,1.7976931348623157e+308,1.7976931348623157e+308,1.7976931348623157e+308,1.7976931348623157e+308,66,0,0,0,0,69,0,0,0,0
20191126,10:58:51.500,2019-11-26 10:58:51.500000,zn2001,SHFE,17935.0,0,201136,240978.0,18010.0,18080.0,17920.0,18035.0,18040.0,18940.0,17135.0,18077931950.0,17935.0,1.7976931348623157e+308,1.7976931348623157e+308,1.7976931348623157e+308,1.7976931348623157e+308,17940.0,1.7976931348623157e+308,1.7976931348623157e+308,1.7976931348623157e+308,1.7976931348623157e+308,66,0,0,0,0,68,0,0,0,0
20191126,10:58:52.0,2019-11-26 10:58:52,zn2001,SHFE,17935.0,0,201136,240978.0,18010.0,18080.0,17920.0,18035.0,18040.0,18940.0,17135.0,18077931950.0,17935.0,1.7976931348623157e+308,1.7976931348623157e+308,1.7976931348623157e+308,1.7976931348623157e+308,17940.0,1.7976931348623157e+308,1.7976931348623157e+308,1.7976931348623157e+308,1.7976931348623157e+308,66,0,0,0,0,68,0,0,0,0
20191126,10:58:52.500,2019-11-26 10:58:52.500000,zn2001,SHFE,17935.0,0,201138,240976.0,18010.0,18080.0,17920.0,18035.0,18040.0,18940.0,17135.0,18078111300.0,17935.0,1.7976931348623157e+308,1.7976931348623157e+308,1.7976931348623157e+308,1.7976931348623157e+308,17940.0,1.7976931348623157e+308,1.7976931348623157e+308,1.7976931348623157e+308,1.7976931348623157e+308,65,0,0,0,0,68,0,0,0,0
20191126,10:58:54.0,2019-11-26 10:58:54,zn2001,SHFE,17935.0,0,201138,240976.0,18010.0,18080.0,17920.0,18035.0,18040.0,18940.0,17135.0,18078111300.0,17935.0,1.7976931348623157e+308,1.7976931348623157e+308,1.7976931348623157e+308,1.7976931348623157e+308,17940.0,1.7976931348623157e+308,1.7976931348623157e+308,1.7976931348623157e+308,1.7976931348623157e+308,61,0,0,0,0,68,0,0,0,0
20191126,10:58:55.500,2019-11-26 10:58:55.500000,zn2001,SHFE,17935.0,0,201138,240976.0,18010.0,18080.0,17920.0,18035.0,18040.0,18940.0,17135.0,18078111300.0,17935.0,1.7976931348623157e+308,1.7976931348623157e+308,1.7976931348623157e+308,1.7976931348623157e+308,17940.0,1.7976931348623157e+308,1.7976931348623157e+308,1.7976931348623157e+308,1.7976931348623157e+308,61,0,0,0,0,68,0,0,0,0
20191126,10:58:56.0,2019-11-26 10:58:56,zn2001,SHFE,17935.0,0,201138,240976.0,18010.0,18080.0,17920.0,18035.0,18040.0,18940.0,17135.0,18078111300.0,17935.0,1.7976931348623157e+308,1.7976931348623157e+308,1.7976931348623157e+308,1.7976931348623157e+308,17940.0,1.7976931348623157e+308,1.7976931348623157e+308,1.7976931348623157e+308,1.7976931348623157e+308,62,0,0,0,0,68,0,0,0,0
20191126,10:58:57.0,2019-11-26 10:58:57,zn2001,SHFE,17935.0,0,201138,240976.0,18010.0,18080.0,17920.0,18035.0,18040.0,18940.0,17135.0,18078111300.0,17935.0,1.7976931348623157e+308,1.7976931348623157e+308,1.7976931348623157e+308,1.7976931348623157e+308,17940.0,1.7976931348623157e+308,1.7976931348623157e+308,1.7976931348623157e+308,1.7976931348623157e+308,67,0,0,0,0,68,0,0,0,0
20191126,10:59:00.0,2019-11-26 10:59:00,zn2001,SHFE,17940.0,0,201142,240976.0,18010.0,18080.0,17920.0,18035.0,18040.0,18940.0,17135.0,18078470100.0,17935.0,1.7976931348623157e+308,1.7976931348623157e+308,1.7976931348623157e+308,1.7976931348623157e+308,17940.0,1.7976931348623157e+308,1.7976931348623157e+308,1.7976931348623157e+308,1.7976931348623157e+308,69,0,0,0,0,66,0,0,0,0
20191126,10:59:00.500,2019-11-26 10:59:00.500000,zn2001,SHFE,17940.0,0,201142,240976.0,18010.0,18080.0,17920.0,18035.0,18040.0,18940.0,17135.0,18078470100.0,17935.0,1.7976931348623157e+308,1.7976931348623157e+308,1.7976931348623157e+308,1.7976931348623157e+308,17940.0,1.7976931348623157e+308,1.7976931348623157e+308,1.7976931348623157e+308,1.7976931348623157e+308,67,0,0,0,0,66,0,0,0,0
20191126,10:59:01.0,2019-11-26 10:59:01,zn2001,SHFE,17940.0,0,201142,240976.0,18010.0,18080.0,17920.0,18035.0,18040.0,18940.0,17135.0,18078470100.0,17935.0,1.7976931348623157e+308,1.7976931348623157e+308,1.7976931348623157e+308,1.7976931348623157e+308,17940.0,1.7976931348623157e+308,1.7976931348623157e+308,1.7976931348623157e+308,1.7976931348623157e+308,66,0,0,0,0,64,0,0,0,0
20191126,10:59:01.500,2019-11-26 10:59:01.500000,zn2001,SHFE,17940.0,0,201142,240976.0,18010.0,18080.0,17920.0,18035.0,18040.0,18940.0,17135.0,18078470100.0,17935.0,1.7976931348623157e+308,1.7976931348623157e+308,1.7976931348623157e+308,1.7976931348623157e+308,17940.0,1.7976931348623157e+308,1.7976931348623157e+308,1.7976931348623157e+308,1.7976931348623157e+308,66,0,0,0,0,66,0,0,0,0
20191126,10:59:02.500,2019-11-26 10:59:02.500000,zn2001,SHFE,17940.0,0,201142,240976.0,18010.0,18080.0,17920.0,18035.0,18040.0,18940.0,17135.0,18078470100.0,17935.0,1.7976931348623157e+308,1.7976931348623157e+308,1.7976931348623157e+308,1.7976931348623157e+308,17940.0,1.7976931348623157e+308,1.7976931348623157e+308,1.7976931348623157e+308,1.7976931348623157e+308,66,0,0,0,0,93,0,0,0,0
20191126,10:59:03.0,2019-11-26 10:59:03,zn2001,SHFE,17940.0,0,201142,240976.0,18010.0,18080.0,17920.0,18035.0,18040.0,18940.0,17135.0,18078470100.0,17935.0,1.7976931348623157e+308,1.7976931348623157e+308,1.7976931348623157e+308,1.7976931348623157e+308,17940.0,1.7976931348623157e+308,1.7976931348623157e+308,1.7976931348623157e+308,1.7976931348623157e+308,66,0,0,0,0,94,0,0,0,0
20191126,10:59:07.0,2019-11-26 10:59:07,zn2001,SHFE,17940.0,0,201142,240976.0,18010.0,18080.0,17920.0,18035.0,18040.0,18940.0,17135.0,18078470100.0,17935.0,1.7976931348623157e+308,1.7976931348623157e+308,1.7976931348623157e+308,1.7976931348623157e+308,17940.0,1.7976931348623157e+308,1.7976931348623157e+308,1.7976931348623157e+308,1.7976931348623157e+308,66,0,0,0,0,94,0,0,0,0
20191126,10:59:07.500,2019-11-26 10:59:07.500000,zn2001,SHFE,17940.0,0,201142,240976.0,18010.0,18080.0,17920.0,18035.0,18040.0,18940.0,17135.0,18078470100.0,17935.0,1.7976931348623157e+308,1.7976931348623157e+308,1.7976931348623157e+308,1.7976931348623157e+308,17940.0,1.7976931348623157e+308,1.7976931348623157e+308,1.7976931348623157e+308,1.7976931348623157e+308,66,0,0,0,0,94,0,0,0,0
20191126,10:59:08.0,2019-11-26 10:59:08,zn2001,SHFE,17940.0,0,201142,240976.0,18010.0,18080.0,17920.0,18035.0,18040.0,18940.0,17135.0,18078470100.0,17935.0,1.7976931348623157e+308,1.7976931348623157e+308,1.7976931348623157e+308,1.7976931348623157e+308,17940.0,1.7976931348623157e+308,1.7976931348623157e+308,1.7976931348623157e+308,1.7976931348623157e+308,66,0,0,0,0,95,0,0,0,0
20191126,10:59:08.500,2019-11-26 10:59:08.500000,zn2001,SHFE,17935.0,0,201144,240976.0,18010.0,18080.0,17920.0,18035.0,18040.0,18940.0,17135.0,18078649450.0,17935.0,1.7976931348623157e+308,1.7976931348623157e+308,1.7976931348623157e+308,1.7976931348623157e+308,17940.0,1.7976931348623157e+308,1.7976931348623157e+308,1.7976931348623157e+308,1.7976931348623157e+308,68,0,0,0,0,95,0,0,0,0
20191126,10:59:09.0,2019-11-26 10:59:09,zn2001,SHFE,17935.0,0,201144,240976.0,18010.0,18080.0,17920.0,18035.0,18040.0,18940.0,17135.0,18078649450.0,17935.0,1.7976931348623157e+308,1.7976931348623157e+308,1.7976931348623157e+308,1.7976931348623157e+308,17940.0,1.7976931348623157e+308,1.7976931348623157e+308,1.7976931348623157e+308,1.7976931348623157e+308,68,0,0,0,0,95,0,0,0,0
20191126,10:59:09.500,2019-11-26 10:59:09.500000,zn2001,SHFE,17935.0,0,201144,240976.0,18010.0,18080.0,17920.0,18035.0,18040.0,18940.0,17135.0,18078649450.0,17935.0,1.7976931348623157e+308,1.7976931348623157e+308,1.7976931348623157e+308,1.7976931348623157e+308,17940.0,1.7976931348623157e+308,1.7976931348623157e+308,1.7976931348623157e+308,1.7976931348623157e+308,68,0,0,0,0,95,0,0,0,0
20191126,10:59:11.0,2019-11-26 10:59:11,zn2001,SHFE,17935.0,0,201144,240976.0,18010.0,18080.0,17920.0,18035.0,18040.0,18940.0,17135.0,18078649450.0,17935.0,1.7976931348623157e+308,1.7976931348623157e+308,1.7976931348623157e+308,1.7976931348623157e+308,17940.0,1.7976931348623157e+308,1.7976931348623157e+308,1.7976931348623157e+308,1.7976931348623157e+308,69,0,0,0,0,95,0,0,0,0
20191126,10:59:12.0,2019-11-26 10:59:12,zn2001,SHFE,17935.0,0,201144,240976.0,18010.0,18080.0,17920.0,18035.0,18040.0,18940.0,17135.0,18078649450.0,17935.0,1.7976931348623157e+308,1.7976931348623157e+308,1.7976931348623157e+308,1.7976931348623157e+308,17940.0,1.7976931348623157e+308,1.7976931348623157e+308,1.7976931348623157e+308,1.7976931348623157e+308,69,0,0,0,0,96,0,0,0,0
20191126,10:59:12.500,2019-11-26 10:59:12.500000,zn2001,SHFE,17935.0,0,201144,240976.0,18010.0,18080.0,17920.0,18035.0,18040.0,18940.0,17135.0,18078649450.0,17935.0,1.7976931348623157e+308,1.7976931348623157e+308,1.7976931348623157e+308,1.7976931348623157e+308,17940.0,1.7976931348623157e+308,1.7976931348623157e+308,1.7976931348623157e+308,1.7976931348623157e+308,70,0,0,0,0,96,0,0,0,0
20191126,10:59:13.0,2019-11-26 10:59:13,zn2001,SHFE,17940.0,0,201148,240976.0,18010.0,18080.0,17920.0,18035.0,18040.0,18940.0,17135.0,18079008250.0,17935.0,1.7976931348623157e+308,1.7976931348623157e+308,1.7976931348623157e+308,1.7976931348623157e+308,17940.0,1.7976931348623157e+308,1.7976931348623157e+308,1.7976931348623157e+308,1.7976931348623157e+308,73,0,0,0,0,94,0,0,0,0
20191126,10:59:13.500,2019-11-26 10:59:13.500000,zn2001,SHFE,17940.0,0,201152,240976.0,18010.0,18080.0,17920.0,18035.0,18040.0,18940.0,17135.0,18079367050.0,17935.0,1.7976931348623157e+308,1.7976931348623157e+308,1.7976931348623157e+308,1.7976931348623157e+308,17940.0,1.7976931348623157e+308,1.7976931348623157e+308,1.7976931348623157e+308,1.7976931348623157e+308,73,0,0,0,0,92,0,0,0,0
20191126,10:59:14.0,2019-11-26 10:59:14,zn2001,SHFE,17935.0,0,201158,240972.0,18010.0,18080.0,17920.0,18035.0,18040.0,18940.0,17135.0,18079905200.0,17935.0,1.7976931348623157e+308,1.7976931348623157e+308,1.7976931348623157e+308,1.7976931348623157e+308,17940.0,1.7976931348623157e+308,1.7976931348623157e+308,1.7976931348623157e+308,1.7976931348623157e+308,72,0,0,0,0,93,0,0,0,0
20191126,10:59:14.500,2019-11-26 10:59:14.500000,zn2001,SHFE,17940.0,0,201162,240972.0,18010.0,18080.0,17920.0,18035.0,18040.0,18940.0,17135.0,18080264000.0,17935.0,1.7976931348623157e+308,1.7976931348623157e+308,1.7976931348623157e+308,1.7976931348623157e+308,17940.0,1.7976931348623157e+308,1.7976931348623157e+308,1.7976931348623157e+308,1.7976931348623157e+308,72,0,0,0,0,93,0,0,0,0
20191126,10:59:15.0,2019-11-26 10:59:15,zn2001,SHFE,17935.0,0,201166,240968.0,18010.0,18080.0,17920.0,18035.0,18040.0,18940.0,17135.0,18080622700.0,17935.0,1.7976931348623157e+308,1.7976931348623157e+308,1.7976931348623157e+308,1.7976931348623157e+308,17940.0,1.7976931348623157e+308,1.7976931348623157e+308,1.7976931348623157e+308,1.7976931348623157e+308,70,0,0,0,0,93,0,0,0,0
20191126,10:59:15.500,2019-11-26 10:59:15.500000,zn2001,SHFE,17935.0,0,201168,240966.0,18010.0,18080.0,17920.0,18035.0,18040.0,18940.0,17135.0,18080802050.0,17935.0,1.7976931348623157e+308,1.7976931348623157e+308,1.7976931348623157e+308,1.7976931348623157e+308,17940.0,1.7976931348623157e+308,1.7976931348623157e+308,1.7976931348623157e+308,1.7976931348623157e+308,67,0,0,0,0,93,0,0,0,0
20191126,10:59:16.500,2019-11-26 10:59:16.500000,zn2001,SHFE,17935.0,0,201168,240966.0,18010.0,18080.0,17920.0,18035.0,18040.0,18940.0,17135.0,18080802050.0,17935.0,1.7976931348623157e+308,1.7976931348623157e+308,1.7976931348623157e+308,1.7976931348623157e+308,17940.0,1.7976931348623157e+308,1.7976931348623157e+308,1.7976931348623157e+308,1.7976931348623157e+308,70,0,0,0,0,93,0,0,0,0
20191126,10:59:17.500,2019-11-26 10:59:17.500000,zn2001,SHFE,17935.0,0,201168,240966.0,18010.0,18080.0,17920.0,18035.0,18040.0,18940.0,17135.0,18080802050.0,17935.0,1.7976931348623157e+308,1.7976931348623157e+308,1.7976931348623157e+308,1.7976931348623157e+308,17940.0,1.7976931348623157e+308,1.7976931348623157e+308,1.7976931348623157e+308,1.7976931348623157e+308,70,0,0,0,0,93,0,0,0,0
20191126,10:59:18.0,2019-11-26 10:59:18,zn2001,SHFE,17935.0,0,201168,240966.0,18010.0,18080.0,17920.0,18035.0,18040.0,18940.0,17135.0,18080802050.0,17935.0,1.7976931348623157e+308,1.7976931348623157e+308,1.7976931348623157e+308,1.7976931348623157e+308,17940.0,1.7976931348623157e+308,1.7976931348623157e+308,1.7976931348623157e+308,1.7976931348623157e+308,70,0,0,0,0,93,0,0,0,0
20191126,10:59:20.0,2019-11-26 10:59:20,zn2001,SHFE,17935.0,0,201168,240966.0,18010.0,18080.0,17920.0,18035.0,18040.0,18940.0,17135.0,18080802050.0,17935.0,1.7976931348623157e+308,1.7976931348623157e+308,1.7976931348623157e+308,1.7976931348623157e+308,17940.0,1.7976931348623157e+308,1.7976931348623157e+308,1.7976931348623157e+308,1.7976931348623157e+308,71,0,0,0,0,93,0,0,0,0
20191126,10:59:20.500,2019-11-26 10:59:20.500000,zn2001,SHFE,17935.0,0,201168,240966.0,18010.0,18080.0,17920.0,18035.0,18040.0,18940.0,17135.0,18080802050.0,17935.0,1.7976931348623157e+308,1.7976931348623157e+308,1.7976931348623157e+308,1.7976931348623157e+308,17940.0,1.7976931348623157e+308,1.7976931348623157e+308,1.7976931348623157e+308,1.7976931348623157e+308,72,0,0,0,0,93,0,0,0,0
20191126,10:59:21.0,2019-11-26 10:59:21,zn2001,SHFE,17935.0,0,201168,240966.0,18010.0,18080.0,17920.0,18035.0,18040.0,18940.0,17135.0,18080802050.0,17935.0,1.7976931348623157e+308,1.7976931348623157e+308,1.7976931348623157e+308,1.7976931348623157e+308,17940.0,1.7976931348623157e+308,1.7976931348623157e+308,1.7976931348623157e+308,1.7976931348623157e+308,72,0,0,0,0,93,0,0,0,0
20191126,10:59:22.0,2019-11-26 10:59:22,zn2001,SHFE,17935.0,0,201172,240962.0,18010.0,18080.0,17920.0,18035.0,18040.0,18940.0,17135.0,18081160750.0,17935.0,1.7976931348623157e+308,1.7976931348623157e+308,1.7976931348623157e+308,1.7976931348623157e+308,17940.0,1.7976931348623157e+308,1.7976931348623157e+308,1.7976931348623157e+308,1.7976931348623157e+308,70,0,0,0,0,95,0,0,0,0
20191126,10:59:22.500,2019-11-26 10:59:22.500000,zn2001,SHFE,17935.0,0,201172,240962.0,18010.0,18080.0,17920.0,18035.0,18040.0,18940.0,17135.0,18081160750.0,17935.0,1.7976931348623157e+308,1.7976931348623157e+308,1.7976931348623157e+308,1.7976931348623157e+308,17940.0,1.7976931348623157e+308,1.7976931348623157e+308,1.7976931348623157e+308,1.7976931348623157e+308,69,0,0,0,0,95,0,0,0,0
20191126,10:59:23.0,2019-11-26 10:59:23,zn2001,SHFE,17935.0,0,201172,240962.0,18010.0,18080.0,17920.0,18035.0,18040.0,18940.0,17135.0,18081160750.0,17935.0,1.7976931348623157e+308,1.7976931348623157e+308,1.7976931348623157e+308,1.7976931348623157e+308,17940.0,1.7976931348623157e+308,1.7976931348623157e+308,1.7976931348623157e+308,1.7976931348623157e+308,70,0,0,0,0,95,0,0,0,0
20191126,10:59:23.500,2019-11-26 10:59:23.500000,zn2001,SHFE,17935.0,0,201172,240962.0,18010.0,18080.0,17920.0,18035.0,18040.0,18940.0,17135.0,18081160750.0,17935.0,1.7976931348623157e+308,1.7976931348623157e+308,1.7976931348623157e+308,1.7976931348623157e+308,17940.0,1.7976931348623157e+308,1.7976931348623157e+308,1.7976931348623157e+308,1.7976931348623157e+308,70,0,0,0,0,95,0,0,0,0
20191126,10:59:24.0,2019-11-26 10:59:24,zn2001,SHFE,17935.0,0,201172,240962.0,18010.0,18080.0,17920.0,18035.0,18040.0,18940.0,17135.0,18081160750.0,17935.0,1.7976931348623157e+308,1.7976931348623157e+308,1.7976931348623157e+308,1.7976931348623157e+308,17940.0,1.7976931348623157e+308,1.7976931348623157e+308,1.7976931348623157e+308,1.7976931348623157e+308,70,0,0,0,0,95,0,0,0,0
20191126,10:59:25.0,2019-11-26 10:59:25,zn2001,SHFE,17935.0,0,201174,240962.0,18010.0,18080.0,17920.0,18035.0,18040.0,18940.0,17135.0,18081340100.0,17935.0,1.7976931348623157e+308,1.7976931348623157e+308,1.7976931348623157e+308,1.7976931348623157e+308,17940.0,1.7976931348623157e+308,1.7976931348623157e+308,1.7976931348623157e+308,1.7976931348623157e+308,69,0,0,0,0,97,0,0,0,0
20191126,10:59:25.500,2019-11-26 10:59:25.500000,zn2001,SHFE,17935.0,0,201174,240962.0,18010.0,18080.0,17920.0,18035.0,18040.0,18940.0,17135.0,18081340100.0,17935.0,1.7976931348623157e+308,1.7976931348623157e+308,1.7976931348623157e+308,1.7976931348623157e+308,17940.0,1.7976931348623157e+308,1.7976931348623157e+308,1.7976931348623157e+308,1.7976931348623157e+308,64,0,0,0,0,97,0,0,0,0
20191126,10:59:26.0,2019-11-26 10:59:26,zn2001,SHFE,17935.0,0,201174,240962.0,18010.0,18080.0,17920.0,18035.0,18040.0,18940.0,17135.0,18081340100.0,17935.0,1.7976931348623157e+308,1.7976931348623157e+308,1.7976931348623157e+308,1.7976931348623157e+308,17940.0,1.7976931348623157e+308,1.7976931348623157e+308,1.7976931348623157e+308,1.7976931348623157e+308,64,0,0,0,0,97,0,0,0,0
20191126,10:59:26.500,2019-11-26 10:59:26.500000,zn2001,SHFE,17935.0,0,201174,240962.0,18010.0,18080.0,17920.0,18035.0,18040.0,18940.0,17135.0,18081340100.0,17935.0,1.7976931348623157e+308,1.7976931348623157e+308,1.7976931348623157e+308,1.7976931348623157e+308,17940.0,1.7976931348623157e+308,1.7976931348623157e+308,1.7976931348623157e+308,1.7976931348623157e+308,64,0,0,0,0,98,0,0,0,0
20191126,10:59:27.0,2019-11-26 10:59:27,zn2001,SHFE,17935.0,0,201174,240962.0,18010.0,18080.0,17920.0,18035.0,18040.0,18940.0,17135.0,18081340100.0,17935.0,1.7976931348623157e+308,1.7976931348623157e+308,1.7976931348623157e+308,1.7976931348623157e+308,17940.0,1.7976931348623157e+308,1.7976931348623157e+308,1.7976931348623157e+308,1.7976931348623157e+308,70,0,0,0,0,98,0,0,0,0
20191126,10:59:27.500,2019-11-26 10:59:27.500000,zn2001,SHFE,17935.0,0,201174,240962.0,18010.0,18080.0,17920.0,18035.0,18040.0,18940.0,17135.0,18081340100.0,17935.0,1.7976931348623157e+308,1.7976931348623157e+308,1.7976931348623157e+308,1.7976931348623157e+308,17940.0,1.7976931348623157e+308,1.7976931348623157e+308,1.7976931348623157e+308,1.7976931348623157e+308,71,0,0,0,0,98,0,0,0,0
20191126,10:59:29.500,2019-11-26 10:59:29.500000,zn2001,SHFE,17940.0,0,201214,240998.0,18010.0,18080.0,17920.0,18035.0,18040.0,18940.0,17135.0,18084928100.0,17935.0,1.7976931348623157e+308,1.7976931348623157e+308,1.7976931348623157e+308,1.7976931348623157e+308,17940.0,1.7976931348623157e+308,1.7976931348623157e+308,1.7976931348623157e+308,1.7976931348623157e+308,71,0,0,0,0,78,0,0,0,0
20191126,10:59:30.0,2019-11-26 10:59:30,zn2001,SHFE,17940.0,0,201214,240998.0,18010.0,18080.0,17920.0,18035.0,18040.0,18940.0,17135.0,18084928100.0,17935.0,1.7976931348623157e+308,1.7976931348623157e+308,1.7976931348623157e+308,1.7976931348623157e+308,17940.0,1.7976931348623157e+308,1.7976931348623157e+308,1.7976931348623157e+308,1.7976931348623157e+308,71,0,0,0,0,78,0,0,0,0
20191126,10:59:32.0,2019-11-26 10:59:32,zn2001,SHFE,17940.0,0,201214,240998.0,18010.0,18080.0,17920.0,18035.0,18040.0,18940.0,17135.0,18084928100.0,17935.0,1.7976931348623157e+308,1.7976931348623157e+308,1.7976931348623157e+308,1.7976931348623157e+308,17940.0,1.7976931348623157e+308,1.7976931348623157e+308,1.7976931348623157e+308,1.7976931348623157e+308,71,0,0,0,0,78,0,0,0,0
20191126,10:59:36.0,2019-11-26 10:59:36,zn2001,SHFE,17940.0,0,201214,240998.0,18010.0,18080.0,17920.0,18035.0,18040.0,18940.0,17135.0,18084928100.0,17935.0,1.7976931348623157e+308,1.7976931348623157e+308,1.7976931348623157e+308,1.7976931348623157e+308,17940.0,1.7976931348623157e+308,1.7976931348623157e+308,1.7976931348623157e+308,1.7976931348623157e+308,71,0,0,0,0,78,0,0,0,0
20191126,10:59:37.0,2019-11-26 10:59:37,zn2001,SHFE,17935.0,0,201216,240998.0,18010.0,18080.0,17920.0,18035.0,18040.0,18940.0,17135.0,18085107450.0,17935.0,1.7976931348623157e+308,1.7976931348623157e+308,1.7976931348623157e+308,1.7976931348623157e+308,17940.0,1.7976931348623157e+308,1.7976931348623157e+308,1.7976931348623157e+308,1.7976931348623157e+308,70,0,0,0,0,78,0,0,0,0
20191126,10:59:37.500,2019-11-26 10:59:37.500000,zn2001,SHFE,17935.0,0,201216,240998.0,18010.0,18080.0,17920.0,18035.0,18040.0,18940.0,17135.0,18085107450.0,17935.0,1.7976931348623157e+308,1.7976931348623157e+308,1.7976931348623157e+308,1.7976931348623157e+308,17940.0,1.7976931348623157e+308,1.7976931348623157e+308,1.7976931348623157e+308,1.7976931348623157e+308,70,0,0,0,0,77,0,0,0,0
20191126,10:59:41.0,2019-11-26 10:59:41,zn2001,SHFE,17940.0,0,201220,240994.0,18010.0,18080.0,17920.0,18035.0,18040.0,18940.0,17135.0,18085466250.0,17935.0,1.7976931348623157e+308,1.7976931348623157e+308,1.7976931348623157e+308,1.7976931348623157e+308,17940.0,1.7976931348623157e+308,1.7976931348623157e+308,1.7976931348623157e+308,1.7976931348623157e+308,70,0,0,0,0,75,0,0,0,0
20191126,10:59:44.500,2019-11-26 10:59:44.500000,zn2001,SHFE,17935.0,0,201224,240994.0,18010.0,18080.0,17920.0,18035.0,18040.0,18940.0,17135.0,18085824950.0,17935.0,1.7976931348623157e+308,1.7976931348623157e+308,1.7976931348623157e+308,1.7976931348623157e+308,17940.0,1.7976931348623157e+308,1.7976931348623157e+308,1.7976931348623157e+308,1.7976931348623157e+308,68,0,0,0,0,77,0,0,0,0
20191126,10:59:45.0,2019-11-26 10:59:45,zn2001,SHFE,17935.0,0,201224,240994.0,18010.0,18080.0,17920.0,18035.0,18040.0,18940.0,17135.0,18085824950.0,17935.0,1.7976931348623157e+308,1.7976931348623157e+308,1.7976931348623157e+308,1.7976931348623157e+308,17940.0,1.7976931348623157e+308,1.7976931348623157e+308,1.7976931348623157e+308,1.7976931348623157e+308,68,0,0,0,0,83,0,0,0,0
20191126,10:59:46.0,2019-11-26 10:59:46,zn2001,SHFE,17935.0,0,201224,240994.0,18010.0,18080.0,17920.0,18035.0,18040.0,18940.0,17135.0,18085824950.0,17935.0,1.7976931348623157e+308,1.7976931348623157e+308,1.7976931348623157e+308,1.7976931348623157e+308,17940.0,1.7976931348623157e+308,1.7976931348623157e+308,1.7976931348623157e+308,1.7976931348623157e+308,69,0,0,0,0,88,0,0,0,0
20191126,10:59:46.500,2019-11-26 10:59:46.500000,zn2001,SHFE,17935.0,0,201224,240994.0,18010.0,18080.0,17920.0,18035.0,18040.0,18940.0,17135.0,18085824950.0,17935.0,1.7976931348623157e+308,1.7976931348623157e+308,1.7976931348623157e+308,1.7976931348623157e+308,17940.0,1.7976931348623157e+308,1.7976931348623157e+308,1.7976931348623157e+308,1.7976931348623157e+308,68,0,0,0,0,90,0,0,0,0
20191126,10:59:47.500,2019-11-26 10:59:47.500000,zn2001,SHFE,17935.0,0,201224,240994.0,18010.0,18080.0,17920.0,18035.0,18040.0,18940.0,17135.0,18085824950.0,17935.0,1.7976931348623157e+308,1.7976931348623157e+308,1.7976931348623157e+308,1.7976931348623157e+308,17940.0,1.7976931348623157e+308,1.7976931348623157e+308,1.7976931348623157e+308,1.7976931348623157e+308,69,0,0,0,0,91,0,0,0,0
20191126,10:59:48.0,2019-11-26 10:59:48,zn2001,SHFE,17935.0,0,201224,240994.0,18010.0,18080.0,17920.0,18035.0,18040.0,18940.0,17135.0,18085824950.0,17935.0,1.7976931348623157e+308,1.7976931348623157e+308,1.7976931348623157e+308,1.7976931348623157e+308,17940.0,1.7976931348623157e+308,1.7976931348623157e+308,1.7976931348623157e+308,1.7976931348623157e+308,69,0,0,0,0,91,0,0,0,0
20191126,10:59:49.0,2019-11-26 10:59:49,zn2001,SHFE,17935.0,0,201224,240994.0,18010.0,18080.0,17920.0,18035.0,18040.0,18940.0,17135.0,18085824950.0,17935.0,1.7976931348623157e+308,1.7976931348623157e+308,1.7976931348623157e+308,1.7976931348623157e+308,17940.0,1.7976931348623157e+308,1.7976931348623157e+308,1.7976931348623157e+308,1.7976931348623157e+308,69,0,0,0,0,93,0,0,0,0
20191126,10:59:49.500,2019-11-26 10:59:49.500000,zn2001,SHFE,17935.0,0,201224,240994.0,18010.0,18080.0,17920.0,18035.0,18040.0,18940.0,17135.0,18085824950.0,17935.0,1.7976931348623157e+308,1.7976931348623157e+308,1.7976931348623157e+308,1.7976931348623157e+308,17940.0,1.7976931348623157e+308,1.7976931348623157e+308,1.7976931348623157e+308,1.7976931348623157e+308,70,0,0,0,0,93,0,0,0,0
20191126,10:59:50.0,2019-11-26 10:59:50,zn2001,SHFE,17935.0,0,201224,240994.0,18010.0,18080.0,17920.0,18035.0,18040.0,18940.0,17135.0,18085824950.0,17935.0,1.7976931348623157e+308,1.7976931348623157e+308,1.7976931348623157e+308,1.7976931348623157e+308,17940.0,1.7976931348623157e+308,1.7976931348623157e+308,1.7976931348623157e+308,1.7976931348623157e+308,70,0,0,0,0,93,0,0,0,0
20191126,10:59:52.0,2019-11-26 10:59:52,zn2001,SHFE,17935.0,0,201224,240994.0,18010.0,18080.0,17920.0,18035.0,18040.0,18940.0,17135.0,18085824950.0,17935.0,1.7976931348623157e+308,1.7976931348623157e+308,1.7976931348623157e+308,1.7976931348623157e+308,17940.0,1.7976931348623157e+308,1.7976931348623157e+308,1.7976931348623157e+308,1.7976931348623157e+308,70,0,0,0,0,93,0,0,0,0
20191126,10:59:52.500,2019-11-26 10:59:52.500000,zn2001,SHFE,17935.0,0,201224,240994.0,18010.0,18080.0,17920.0,18035.0,18040.0,18940.0,17135.0,18085824950.0,17935.0,1.7976931348623157e+308,1.7976931348623157e+308,1.7976931348623157e+308,1.7976931348623157e+308,17940.0,1.7976931348623157e+308,1.7976931348623157e+308,1.7976931348623157e+308,1.7976931348623157e+308,71,0,0,0,0,93,0,0,0,0
20191126,10:59:53.0,2019-11-26 10:59:53,zn2001,SHFE,17935.0,0,201224,240994.0,18010.0,18080.0,17920.0,18035.0,18040.0,18940.0,17135.0,18085824950.0,17935.0,1.7976931348623157e+308,1.7976931348623157e+308,1.7976931348623157e+308,1.7976931348623157e+308,17940.0,1.7976931348623157e+308,1.7976931348623157e+308,1.7976931348623157e+308,1.7976931348623157e+308,71,0,0,0,0,90,0,0,0,0
20191126,10:59:53.500,2019-11-26 10:59:53.500000,zn2001,SHFE,17935.0,0,201244,241004.0,18010.0,18080.0,17920.0,18035.0,18040.0,18940.0,17135.0,18087618450.0,17935.0,1.7976931348623157e+308,1.7976931348623157e+308,1.7976931348623157e+308,1.7976931348623157e+308,17940.0,1.7976931348623157e+308,1.7976931348623157e+308,1.7976931348623157e+308,1.7976931348623157e+308,62,0,0,0,0,92,0,0,0,0
20191126,10:59:54.500,2019-11-26 10:59:54.500000,zn2001,SHFE,17935.0,0,201244,241004.0,18010.0,18080.0,17920.0,18035.0,18040.0,18940.0,17135.0,18087618450.0,17935.0,1.7976931348623157e+308,1.7976931348623157e+308,1.7976931348623157e+308,1.7976931348623157e+308,17940.0,1.7976931348623157e+308,1.7976931348623157e+308,1.7976931348623157e+308,1.7976931348623157e+308,56,0,0,0,0,92,0,0,0,0
20191126,10:59:55.0,2019-11-26 10:59:55,zn2001,SHFE,17935.0,0,201244,241004.0,18010.0,18080.0,17920.0,18035.0,18040.0,18940.0,17135.0,18087618450.0,17935.0,1.7976931348623157e+308,1.7976931348623157e+308,1.7976931348623157e+308,1.7976931348623157e+308,17940.0,1.7976931348623157e+308,1.7976931348623157e+308,1.7976931348623157e+308,1.7976931348623157e+308,56,0,0,0,0,92,0,0,0,0
20191126,10:59:55.500,2019-11-26 10:59:55.500000,zn2001,SHFE,17935.0,0,201264,241004.0,18010.0,18080.0,17920.0,18035.0,18040.0,18940.0,17135.0,18089411950.0,17935.0,1.7976931348623157e+308,1.7976931348623157e+308,1.7976931348623157e+308,1.7976931348623157e+308,17940.0,1.7976931348623157e+308,1.7976931348623157e+308,1.7976931348623157e+308,1.7976931348623157e+308,46,0,0,0,0,92,0,0,0,0
20191126,10:59:56.0,2019-11-26 10:59:56,zn2001,SHFE,17935.0,0,201266,241002.0,18010.0,18080.0,17920.0,18035.0,18040.0,18940.0,17135.0,18089591300.0,17935.0,1.7976931348623157e+308,1.7976931348623157e+308,1.7976931348623157e+308,1.7976931348623157e+308,17940.0,1.7976931348623157e+308,1.7976931348623157e+308,1.7976931348623157e+308,1.7976931348623157e+308,45,0,0,0,0,90,0,0,0,0
20191126,10:59:56.500,2019-11-26 10:59:56.500000,zn2001,SHFE,17935.0,0,201266,241002.0,18010.0,18080.0,17920.0,18035.0,18040.0,18940.0,17135.0,18089591300.0,17935.0,1.7976931348623157e+308,1.7976931348623157e+308,1.7976931348623157e+308,1.7976931348623157e+308,17940.0,1.7976931348623157e+308,1.7976931348623157e+308,1.7976931348623157e+308,1.7976931348623157e+308,52,0,0,0,0,95,0,0,0,0
20191126,10:59:57.0,2019-11-26 10:59:57,zn2001,SHFE,17935.0,0,201282,241012.0,18010.0,18080.0,17920.0,18035.0,18040.0,18940.0,17135.0,18091026100.0,17935.0,1.7976931348623157e+308,1.7976931348623157e+308,1.7976931348623157e+308,1.7976931348623157e+308,17940.0,1.7976931348623157e+308,1.7976931348623157e+308,1.7976931348623157e+308,1.7976931348623157e+308,44,0,0,0,0,95,0,0,0,0
20191126,10:59:57.500,2019-11-26 10:59:57.500000,zn2001,SHFE,17935.0,0,201312,241026.0,18010.0,18080.0,17920.0,18035.0,18040.0,18940.0,17135.0,18093716350.0,17935.0,1.7976931348623157e+308,1.7976931348623157e+308,1.7976931348623157e+308,1.7976931348623157e+308,17940.0,1.7976931348623157e+308,1.7976931348623157e+308,1.7976931348623157e+308,1.7976931348623157e+308,31,0,0,0,0,91,0,0,0,0
20191126,10:59:58.0,2019-11-26 10:59:58,zn2001,SHFE,17935.0,0,201316,241028.0,18010.0,18080.0,17920.0,18035.0,18040.0,18940.0,17135.0,18094075050.0,17935.0,1.7976931348623157e+308,1.7976931348623157e+308,1.7976931348623157e+308,1.7976931348623157e+308,17940.0,1.7976931348623157e+308,1.7976931348623157e+308,1.7976931348623157e+308,1.7976931348623157e+308,32,0,0,0,0,93,0,0,0,0
20191126,10:59:58.500,2019-11-26 10:59:58.500000,zn2001,SHFE,17935.0,0,201316,241028.0,18010.0,18080.0,17920.0,18035.0,18040.0,18940.0,17135.0,18094075050.0,17935.0,1.7976931348623157e+308,1.7976931348623157e+308,1.7976931348623157e+308,1.7976931348623157e+308,17940.0,1.7976931348623157e+308,1.7976931348623157e+308,1.7976931348623157e+308,1.7976931348623157e+308,32,0,0,0,0,92,0,0,0,0
20191126,10:59:59.0,2019-11-26 10:59:59,zn2001,SHFE,17935.0,0,201326,241028.0,18010.0,18080.0,17920.0,18035.0,18040.0,18940.0,17135.0,18094971800.0,17935.0,1.7976931348623157e+308,1.7976931348623157e+308,1.7976931348623157e+308,1.7976931348623157e+308,17940.0,1.7976931348623157e+308,1.7976931348623157e+308,1.7976931348623157e+308,1.7976931348623157e+308,27,0,0,0,0,88,0,0,0,0
20191126,10:59:59.500,2019-11-26 10:59:59.500000,zn2001,SHFE,17935.0,0,201326,241028.0,18010.0,18080.0,17920.0,18035.0,18040.0,18940.0,17135.0,18094971800.0,17935.0,1.7976931348623157e+308,1.7976931348623157e+308,1.7976931348623157e+308,1.7976931348623157e+308,17940.0,1.7976931348623157e+308,1.7976931348623157e+308,1.7976931348623157e+308,1.7976931348623157e+308,29,0,0,0,0,88,0,0,0,0
20191126,11:00:00.0,2019-11-26 11:00:00,zn2001,SHFE,17935.0,0,201328,241028.0,18010.0,18080.0,17920.0,18035.0,18040.0,18940.0,17135.0,18095151150.0,17935.0,1.7976931348623157e+308,1.7976931348623157e+308,1.7976931348623157e+308,1.7976931348623157e+308,17940.0,1.7976931348623157e+308,1.7976931348623157e+308,1.7976931348623157e+308,1.7976931348623157e+308,28,0,0,0,0,89,0,0,0,0
20191126,11:00:00.500,2019-11-26 11:00:00.500000,zn2001,SHFE,17935.0,0,201356,241050.0,18010.0,18080.0,17920.0,18035.0,18040.0,18940.0,17135.0,18097662050.0,17935.0,1.7976931348623157e+308,1.7976931348623157e+308,1.7976931348623157e+308,1.7976931348623157e+308,17940.0,1.7976931348623157e+308,1.7976931348623157e+308,1.7976931348623157e+308,1.7976931348623157e+308,18,0,0,0,0,89,0,0,0,0
20191126,11:00:01.0,2019-11-26 11:00:01,zn2001,SHFE,17935.0,0,201366,241050.0,18010.0,18080.0,17920.0,18035.0,18040.0,18940.0,17135.0,18098558800.0,17935.0,1.7976931348623157e+308,1.7976931348623157e+308,1.7976931348623157e+308,1.7976931348623157e+308,17940.0,1.7976931348623157e+308,1.7976931348623157e+308,1.7976931348623157e+308,1.7976931348623157e+308,13,0,0,0,0,89,0,0,0,0
20191126,11:00:01.500,2019-11-26 11:00:01.500000,zn2001,SHFE,17935.0,0,201376,241050.0,18010.0,18080.0,17920.0,18035.0,18040.0,18940.0,17135.0,18099455550.0,17935.0,1.7976931348623157e+308,1.7976931348623157e+308,1.7976931348623157e+308,1.7976931348623157e+308,17940.0,1.7976931348623157e+308,1.7976931348623157e+308,1.7976931348623157e+308,1.7976931348623157e+308,8,0,0,0,0,89,0,0,0,0
20191126,11:00:02.0,2019-11-26 11:00:02,zn2001,SHFE,17935.0,0,201376,241050.0,18010.0,18080.0,17920.0,18035.0,18040.0,18940.0,17135.0,18099455550.0,17935.0,1.7976931348623157e+308,1.7976931348623157e+308,1.7976931348623157e+308,1.7976931348623157e+308,17940.0,1.7976931348623157e+308,1.7976931348623157e+308,1.7976931348623157e+308,1.7976931348623157e+308,10,0,0,0,0,87,0,0,0,0
20191126,11:00:02.500,2019-11-26 11:00:02.500000,zn2001,SHFE,17935.0,0,201382,241050.0,18010.0,18080.0,17920.0,18035.0,18040.0,18940.0,17135.0,18099993600.0,17935.0,1.7976931348623157e+308,1.7976931348623157e+308,1.7976931348623157e+308,1.7976931348623157e+308,17940.0,1.7976931348623157e+308,1.7976931348623157e+308,1.7976931348623157e+308,1.7976931348623157e+308,7,0,0,0,0,104,0,0,0,0
20191126,11:00:03.0,2019-11-26 11:00:03,zn2001,SHFE,17935.0,0,201386,241050.0,18010.0,18080.0,17920.0,18035.0,18040.0,18940.0,17135.0,18100352300.0,17935.0,1.7976931348623157e+308,1.7976931348623157e+308,1.7976931348623157e+308,1.7976931348623157e+308,17940.0,1.7976931348623157e+308,1.7976931348623157e+308,1.7976931348623157e+308,1.7976931348623157e+308,5,0,0,0,0,106,0,0,0,0
20191126,11:00:03.500,2019-11-26 11:00:03.500000,zn2001,SHFE,17935.0,0,201388,241050.0,18010.0,18080.0,17920.0,18035.0,18040.0,18940.0,17135.0,18100531650.0,17935.0,1.7976931348623157e+308,1.7976931348623157e+308,1.7976931348623157e+308,1.7976931348623157e+308,17940.0,1.7976931348623157e+308,1.7976931348623157e+308,1.7976931348623157e+308,1.7976931348623157e+308,4,0,0,0,0,106,0,0,0,0
20191126,11:00:04.0,2019-11-26 11:00:04,zn2001,SHFE,17935.0,0,201394,241054.0,18010.0,18080.0,17920.0,18035.0,18040.0,18940.0,17135.0,18101069700.0,17935.0,1.7976931348623157e+308,1.7976931348623157e+308,1.7976931348623157e+308,1.7976931348623157e+308,17940.0,1.7976931348623157e+308,1.7976931348623157e+308,1.7976931348623157e+308,1.7976931348623157e+308,3,0,0,0,0,116,0,0,0,0
20191126,11:00:04.500,2019-11-26 11:00:04.500000,zn2001,SHFE,17935.0,0,201400,241052.0,18010.0,18080.0,17920.0,18035.0,18040.0,18940.0,17135.0,18101607750.0,17935.0,1.7976931348623157e+308,1.7976931348623157e+308,1.7976931348623157e+308,1.7976931348623157e+308,17940.0,1.7976931348623157e+308,1.7976931348623157e+308,1.7976931348623157e+308,1.7976931348623157e+308,5,0,0,0,0,120,0,0,0,0
20191126,11:00:05.0,2019-11-26 11:00:05,zn2001,SHFE,17935.0,0,201400,241052.0,18010.0,18080.0,17920.0,18035.0,18040.0,18940.0,17135.0,18101607750.0,17935.0,1.7976931348623157e+308,1.7976931348623157e+308,1.7976931348623157e+308,1.7976931348623157e+308,17940.0,1.7976931348623157e+308,1.7976931348623157e+308,1.7976931348623157e+308,1.7976931348623157e+308,5,0,0,0,0,120,0,0,0,0
20191126,11:00:05.500,2019-11-26 11:00:05.500000,zn2001,SHFE,17940.0,0,201402,241052.0,18010.0,18080.0,17920.0,18035.0,18040.0,18940.0,17135.0,18101787150.0,17935.0,1.7976931348623157e+308,1.7976931348623157e+308,1.7976931348623157e+308,1.7976931348623157e+308,17940.0,1.7976931348623157e+308,1.7976931348623157e+308,1.7976931348623157e+308,1.7976931348623157e+308,5,0,0,0,0,119,0,0,0,0
20191126,11:00:06.0,2019-11-26 11:00:06,zn2001,SHFE,17940.0,0,201402,241052.0,18010.0,18080.0,17920.0,18035.0,18040.0,18940.0,17135.0,18101787150.0,17935.0,1.7976931348623157e+308,1.7976931348623157e+308,1.7976931348623157e+308,1.7976931348623157e+308,17940.0,1.7976931348623157e+308,1.7976931348623157e+308,1.7976931348623157e+308,1.7976931348623157e+308,15,0,0,0,0,119,0,0,0,0
20191126,11:00:06.500,2019-11-26 11:00:06.500000,zn2001,SHFE,17940.0,0,201402,241052.0,18010.0,18080.0,17920.0,18035.0,18040.0,18940.0,17135.0,18101787150.0,17935.0,1.7976931348623157e+308,1.7976931348623157e+308,1.7976931348623157e+308,1.7976931348623157e+308,17940.0,1.7976931348623157e+308,1.7976931348623157e+308,1.7976931348623157e+308,1.7976931348623157e+308,23,0,0,0,0,119,0,0,0,0
20191126,11:00:07.0,2019-11-26 11:00:07,zn2001,SHFE,17940.0,0,201402,241052.0,18010.0,18080.0,17920.0,18035.0,18040.0,18940.0,17135.0,18101787150.0,17935.0,1.7976931348623157e+308,1.7976931348623157e+308,1.7976931348623157e+308,1.7976931348623157e+308,17940.0,1.7976931348623157e+308,1.7976931348623157e+308,1.7976931348623157e+308,1.7976931348623157e+308,49,0,0,0,0,119,0,0,0,0
20191126,11:00:07.500,2019-11-26 11:00:07.500000,zn2001,SHFE,17940.0,0,201402,241052.0,18010.0,18080.0,17920.0,18035.0,18040.0,18940.0,17135.0,18101787150.0,17935.0,1.7976931348623157e+308,1.7976931348623157e+308,1.7976931348623157e+308,1.7976931348623157e+308,17940.0,1.7976931348623157e+308,1.7976931348623157e+308,1.7976931348623157e+308,1.7976931348623157e+308,54,0,0,0,0,119,0,0,0,0
20191126,11:00:10.0,2019-11-26 11:00:10,zn2001,SHFE,17940.0,0,201402,241052.0,18010.0,18080.0,17920.0,18035.0,18040.0,18940.0,17135.0,18101787150.0,17935.0,1.7976931348623157e+308,1.7976931348623157e+308,1.7976931348623157e+308,1.7976931348623157e+308,17940.0,1.7976931348623157e+308,1.7976931348623157e+308,1.7976931348623157e+308,1.7976931348623157e+308,55,0,0,0,0,120,0,0,0,0
20191126,11:00:10.500,2019-11-26 11:00:10.500000,zn2001,SHFE,17935.0,0,201406,241056.0,18010.0,18080.0,17920.0,18035.0,18040.0,18940.0,17135.0,18102145850.0,17935.0,1.7976931348623157e+308,1.7976931348623157e+308,1.7976931348623157e+308,1.7976931348623157e+308,17940.0,1.7976931348623157e+308,1.7976931348623157e+308,1.7976931348623157e+308,1.7976931348623157e+308,53,0,0,0,0,120,0,0,0,0
20191126,11:00:11.0,2019-11-26 11:00:11,zn2001,SHFE,17935.0,0,201406,241056.0,18010.0,18080.0,17920.0,18035.0,18040.0,18940.0,17135.0,18102145850.0,17935.0,1.7976931348623157e+308,1.7976931348623157e+308,1.7976931348623157e+308,1.7976931348623157e+308,17940.0,1.7976931348623157e+308,1.7976931348623157e+308,1.7976931348623157e+308,1.7976931348623157e+308,54,0,0,0,0,120,0,0,0,0
20191126,11:00:11.500,2019-11-26 11:00:11.500000,zn2001,SHFE,17935.0,0,201406,241056.0,18010.0,18080.0,17920.0,18035.0,18040.0,18940.0,17135.0,18102145850.0,17935.0,1.7976931348623157e+308,1.7976931348623157e+308,1.7976931348623157e+308,1.7976931348623157e+308,17940.0,1.7976931348623157e+308,1.7976931348623157e+308,1.7976931348623157e+308,1.7976931348623157e+308,50,0,0,0,0,120,0,0,0,0
20191126,11:00:13.0,2019-11-26 11:00:13,zn2001,SHFE,17935.0,0,201406,241056.0,18010.0,18080.0,17920.0,18035.0,18040.0,18940.0,17135.0,18102145850.0,17935.0,1.7976931348623157e+308,1.7976931348623157e+308,1.7976931348623157e+308,1.7976931348623157e+308,17940.0,1.7976931348623157e+308,1.7976931348623157e+308,1.7976931348623157e+308,1.7976931348623157e+308,47,0,0,0,0,120,0,0,0,0
20191126,11:00:13.500,2019-11-26 11:00:13.500000,zn2001,SHFE,17935.0,0,201406,241056.0,18010.0,18080.0,17920.0,18035.0,18040.0,18940.0,17135.0,18102145850.0,17935.0,1.7976931348623157e+308,1.7976931348623157e+308,1.7976931348623157e+308,1.7976931348623157e+308,17940.0,1.7976931348623157e+308,1.7976931348623157e+308,1.7976931348623157e+308,1.7976931348623157e+308,46,0,0,0,0,120,0,0,0,0
20191126,11:00:15.0,2019-11-26 11:00:15,zn2001,SHFE,17935.0,0,201406,241056.0,18010.0,18080.0,17920.0,18035.0,18040.0,18940.0,17135.0,18102145850.0,17935.0,1.7976931348623157e+308,1.7976931348623157e+308,1.7976931348623157e+308,1.7976931348623157e+308,17940.0,1.7976931348623157e+308,1.7976931348623157e+308,1.7976931348623157e+308,1.7976931348623157e+308,46,0,0,0,0,120,0,0,0,0
20191126,11:00:15.500,2019-11-26 11:00:15.500000,zn2001,SHFE,17940.0,0,201408,241056.0,18010.0,18080.0,17920.0,18035.0,18040.0,18940.0,17135.0,18102325250.0,17935.0,1.7976931348623157e+308,1.7976931348623157e+308,1.7976931348623157e+308,1.7976931348623157e+308,17940.0,1.7976931348623157e+308,1.7976931348623157e+308,1.7976931348623157e+308,1.7976931348623157e+308,46,0,0,0,0,119,0,0,0,0
20191126,11:00:16.0,2019-11-26 11:00:16,zn2001,SHFE,17940.0,0,201408,241056.0,18010.0,18080.0,17920.0,18035.0,18040.0,18940.0,17135.0,18102325250.0,17935.0,1.7976931348623157e+308,1.7976931348623157e+308,1.7976931348623157e+308,1.7976931348623157e+308,17940.0,1.7976931348623157e+308,1.7976931348623157e+308,1.7976931348623157e+308,1.7976931348623157e+308,46,0,0,0,0,120,0,0,0,0
20191126,11:00:16.500,2019-11-26 11:00:16.500000,zn2001,SHFE,17940.0,0,201408,241056.0,18010.0,18080.0,17920.0,18035.0,18040.0,18940.0,17135.0,18102325250.0,17935.0,1.7976931348623157e+308,1.7976931348623157e+308,1.7976931348623157e+308,1.7976931348623157e+308,17940.0,1.7976931348623157e+308,1.7976931348623157e+308,1.7976931348623157e+308,1.7976931348623157e+308,47,0,0,0,0,121,0,0,0,0
20191126,11:00:17.0,2019-11-26 11:00:17,zn2001,SHFE,17940.0,0,201408,241056.0,18010.0,18080.0,17920.0,18035.0,18040.0,18940.0,17135.0,18102325250.0,17935.0,1.7976931348623157e+308,1.7976931348623157e+308,1.7976931348623157e+308,1.7976931348623157e+308,17940.0,1.7976931348623157e+308,1.7976931348623157e+308,1.7976931348623157e+308,1.7976931348623157e+308,47,0,0,0,0,121,0,0,0,0
20191126,11:00:17.500,2019-11-26 11:00:17.500000,zn2001,SHFE,17940.0,0,201408,241056.0,18010.0,18080.0,17920.0,18035.0,18040.0,18940.0,17135.0,18102325250.0,17935.0,1.7976931348623157e+308,1.7976931348623157e+308,1.7976931348623157e+308,1.7976931348623157e+308,17940.0,1.7976931348623157e+308,1.7976931348623157e+308,1.7976931348623157e+308,1.7976931348623157e+308,47,0,0,0,0,125,0,0,0,0
20191126,11:00:18.0,2019-11-26 11:00:18,zn2001,SHFE,17940.0,0,201408,241056.0,18010.0,18080.0,17920.0,18035.0,18040.0,18940.0,17135.0,18102325250.0,17935.0,1.7976931348623157e+308,1.7976931348623157e+308,1.7976931348623157e+308,1.7976931348623157e+308,17940.0,1.7976931348623157e+308,1.7976931348623157e+308,1.7976931348623157e+308,1.7976931348623157e+308,47,0,0,0,0,126,0,0,0,0
20191126,11:00:18.500,2019-11-26 11:00:18.500000,zn2001,SHFE,17940.0,0,201408,241056.0,18010.0,18080.0,17920.0,18035.0,18040.0,18940.0,17135.0,18102325250.0,17935.0,1.7976931348623157e+308,1.7976931348623157e+308,1.7976931348623157e+308,1.7976931348623157e+308,17940.0,1.7976931348623157e+308,1.7976931348623157e+308,1.7976931348623157e+308,1.7976931348623157e+308,47,0,0,0,0,128,0,0,0,0
20191126,11:00:19.500,2019-11-26 11:00:19.500000,zn2001,SHFE,17940.0,0,201408,241056.0,18010.0,18080.0,17920.0,18035.0,18040.0,18940.0,17135.0,18102325250.0,17935.0,1.7976931348623157e+308,1.7976931348623157e+308,1.7976931348623157e+308,1.7976931348623157e+308,17940.0,1.7976931348623157e+308,1.7976931348623157e+308,1.7976931348623157e+308,1.7976931348623157e+308,47,0,0,0,0,128,0,0,0,0
20191126,11:00:20.0,2019-11-26 11:00:20,zn2001,SHFE,17940.0,0,201408,241056.0,18010.0,18080.0,17920.0,18035.0,18040.0,18940.0,17135.0,18102325250.0,17935.0,1.7976931348623157e+308,1.7976931348623157e+308,1.7976931348623157e+308,1.7976931348623157e+308,17940.0,1.7976931348623157e+308,1.7976931348623157e+308,1.7976931348623157e+308,1.7976931348623157e+308,48,0,0,0,0,132,0,0,0,0
20191126,11:00:20.500,2019-11-26 11:00:20.500000,zn2001,SHFE,17940.0,0,201408,241056.0,18010.0,18080.0,17920.0,18035.0,18040.0,18940.0,17135.0,18102325250.0,17935.0,1.7976931348623157e+308,1.7976931348623157e+308,1.7976931348623157e+308,1.7976931348623157e+308,17940.0,1.7976931348623157e+308,1.7976931348623157e+308,1.7976931348623157e+308,1.7976931348623157e+308,48,0,0,0,0,132,0,0,0,0
20191126,11:00:21.500,2019-11-26 11:00:21.500000,zn2001,SHFE,17940.0,0,201408,241056.0,18010.0,18080.0,17920.0,18035.0,18040.0,18940.0,17135.0,18102325250.0,17935.0,1.7976931348623157e+308,1.7976931348623157e+308,1.7976931348623157e+308,1.7976931348623157e+308,17940.0,1.7976931348623157e+308,1.7976931348623157e+308,1.7976931348623157e+308,1.7976931348623157e+308,47,0,0,0,0,132,0,0,0,0
20191126,11:00:22.500,2019-11-26 11:00:22.500000,zn2001,SHFE,17940.0,0,201410,241054.0,18010.0,18080.0,17920.0,18035.0,18040.0,18940.0,17135.0,18102504650.0,17935.0,1.7976931348623157e+308,1.7976931348623157e+308,1.7976931348623157e+308,1.7976931348623157e+308,17940.0,1.7976931348623157e+308,1.7976931348623157e+308,1.7976931348623157e+308,1.7976931348623157e+308,47,0,0,0,0,131,0,0,0,0
20191126,11:00:23.0,2019-11-26 11:00:23,zn2001,SHFE,17940.0,0,201410,241054.0,18010.0,18080.0,17920.0,18035.0,18040.0,18940.0,17135.0,18102504650.0,17935.0,1.7976931348623157e+308,1.7976931348623157e+308,1.7976931348623157e+308,1.7976931348623157e+308,17940.0,1.7976931348623157e+308,1.7976931348623157e+308,1.7976931348623157e+308,1.7976931348623157e+308,47,0,0,0,0,134,0,0,0,0
20191126,11:00:25.0,2019-11-26 11:00:25,zn2001,SHFE,17940.0,0,201410,241054.0,18010.0,18080.0,17920.0,18035.0,18040.0,18940.0,17135.0,18102504650.0,17935.0,1.7976931348623157e+308,1.7976931348623157e+308,1.7976931348623157e+308,1.7976931348623157e+308,17940.0,1.7976931348623157e+308,1.7976931348623157e+308,1.7976931348623157e+308,1.7976931348623157e+308,47,0,0,0,0,134,0,0,0,0
20191126,11:00:26.0,2019-11-26 11:00:26,zn2001,SHFE,17940.0,0,201410,241054.0,18010.0,18080.0,17920.0,18035.0,18040.0,18940.0,17135.0,18102504650.0,17935.0,1.7976931348623157e+308,1.7976931348623157e+308,1.7976931348623157e+308,1.7976931348623157e+308,17940.0,1.7976931348623157e+308,1.7976931348623157e+308,1.7976931348623157e+308,1.7976931348623157e+308,48,0,0,0,0,134,0,0,0,0
20191126,11:00:26.500,2019-11-26 11:00:26.500000,zn2001,SHFE,17935.0,0,201450,241028.0,18010.0,18080.0,17920.0,18035.0,18040.0,18940.0,17135.0,18106091650.0,17935.0,1.7976931348623157e+308,1.7976931348623157e+308,1.7976931348623157e+308,1.7976931348623157e+308,17940.0,1.7976931348623157e+308,1.7976931348623157e+308,1.7976931348623157e+308,1.7976931348623157e+308,36,0,0,0,0,134,0,0,0,0
20191126,11:00:27.0,2019-11-26 11:00:27,zn2001,SHFE,17935.0,0,201452,241026.0,18010.0,18080.0,17920.0,18035.0,18040.0,18940.0,17135.0,18106271000.0,17935.0,1.7976931348623157e+308,1.7976931348623157e+308,1.7976931348623157e+308,1.7976931348623157e+308,17940.0,1.7976931348623157e+308,1.7976931348623157e+308,1.7976931348623157e+308,1.7976931348623157e+308,36,0,0,0,0,135,0,0,0,0
20191126,11:00:27.500,2019-11-26 11:00:27.500000,zn2001,SHFE,17940.0,0,201454,241026.0,18010.0,18080.0,17920.0,18035.0,18040.0,18940.0,17135.0,18106450400.0,17935.0,1.7976931348623157e+308,1.7976931348623157e+308,1.7976931348623157e+308,1.7976931348623157e+308,17940.0,1.7976931348623157e+308,1.7976931348623157e+308,1.7976931348623157e+308,1.7976931348623157e+308,38,0,0,0,0,133,0,0,0,0
20191126,11:00:28.0,2019-11-26 11:00:28,zn2001,SHFE,17940.0,0,201454,241026.0,18010.0,18080.0,17920.0,18035.0,18040.0,18940.0,17135.0,18106450400.0,17935.0,1.7976931348623157e+308,1.7976931348623157e+308,1.7976931348623157e+308,1.7976931348623157e+308,17940.0,1.7976931348623157e+308,1.7976931348623157e+308,1.7976931348623157e+308,1.7976931348623157e+308,40,0,0,0,0,133,0,0,0,0
20191126,11:00:28.500,2019-11-26 11:00:28.500000,zn2001,SHFE,17940.0,0,201454,241026.0,18010.0,18080.0,17920.0,18035.0,18040.0,18940.0,17135.0,18106450400.0,17935.0,1.7976931348623157e+308,1.7976931348623157e+308,1.7976931348623157e+308,1.7976931348623157e+308,17940.0,1.7976931348623157e+308,1.7976931348623157e+308,1.7976931348623157e+308,1.7976931348623157e+308,42,0,0,0,0,133,0,0,0,0
20191126,11:00:29.0,2019-11-26 11:00:29,zn2001,SHFE,17940.0,0,201454,241026.0,18010.0,18080.0,17920.0,18035.0,18040.0,18940.0,17135.0,18106450400.0,17935.0,1.7976931348623157e+308,1.7976931348623157e+308,1.7976931348623157e+308,1.7976931348623157e+308,17940.0,1.7976931348623157e+308,1.7976931348623157e+308,1.7976931348623157e+308,1.7976931348623157e+308,42,0,0,0,0,131,0,0,0,0
20191126,11:00:29.500,2019-11-26 11:00:29.500000,zn2001,SHFE,17940.0,0,201454,241026.0,18010.0,18080.0,17920.0,18035.0,18040.0,18940.0,17135.0,18106450400.0,17935.0,1.7976931348623157e+308,1.7976931348623157e+308,1.7976931348623157e+308,1.7976931348623157e+308,17940.0,1.7976931348623157e+308,1.7976931348623157e+308,1.7976931348623157e+308,1.7976931348623157e+308,42,0,0,0,0,131,0,0,0,0
20191126,11:00:30.0,2019-11-26 11:00:30,zn2001,SHFE,17940.0,0,201454,241026.0,18010.0,18080.0,17920.0,18035.0,18040.0,18940.0,17135.0,18106450400.0,17935.0,1.7976931348623157e+308,1.7976931348623157e+308,1.7976931348623157e+308,1.7976931348623157e+308,17940.0,1.7976931348623157e+308,1.7976931348623157e+308,1.7976931348623157e+308,1.7976931348623157e+308,42,0,0,0,0,131,0,0,0,0
20191126,11:00:30.500,2019-11-26 11:00:30.500000,zn2001,SHFE,17940.0,0,201454,241026.0,18010.0,18080.0,17920.0,18035.0,18040.0,18940.0,17135.0,18106450400.0,17935.0,1.7976931348623157e+308,1.7976931348623157e+308,1.7976931348623157e+308,1.7976931348623157e+308,17940.0,1.7976931348623157e+308,1.7976931348623157e+308,1.7976931348623157e+308,1.7976931348623157e+308,42,0,0,0,0,131,0,0,0,0
20191126,11:00:31.500,2019-11-26 11:00:31.500000,zn2001,SHFE,17940.0,0,201454,241026.0,18010.0,18080.0,17920.0,18035.0,18040.0,18940.0,17135.0,18106450400.0,17935.0,1.7976931348623157e+308,1.7976931348623157e+308,1.7976931348623157e+308,1.7976931348623157e+308,17940.0,1.7976931348623157e+308,1.7976931348623157e+308,1.7976931348623157e+308,1.7976931348623157e+308,44,0,0,0,0,131,0,0,0,0
20191126,11:00:32.0,2019-11-26 11:00:32,zn2001,SHFE,17935.0,0,201468,241012.0,18010.0,18080.0,17920.0,18035.0,18040.0,18940.0,17135.0,18107705850.0,17935.0,1.7976931348623157e+308,1.7976931348623157e+308,1.7976931348623157e+308,1.7976931348623157e+308,17940.0,1.7976931348623157e+308,1.7976931348623157e+308,1.7976931348623157e+308,1.7976931348623157e+308,38,0,0,0,0,131,0,0,0,0
20191126,11:00:32.500,2019-11-26 11:00:32.500000,zn2001,SHFE,17935.0,0,201468,241012.0,18010.0,18080.0,17920.0,18035.0,18040.0,18940.0,17135.0,18107705850.0,17935.0,1.7976931348623157e+308,1.7976931348623157e+308,1.7976931348623157e+308,1.7976931348623157e+308,17940.0,1.7976931348623157e+308,1.7976931348623157e+308,1.7976931348623157e+308,1.7976931348623157e+308,37,0,0,0,0,131,0,0,0,0
20191126,11:00:34.500,2019-11-26 11:00:34.500000,zn2001,SHFE,17935.0,0,201468,241012.0,18010.0,18080.0,17920.0,18035.0,18040.0,18940.0,17135.0,18107705850.0,17935.0,1.7976931348623157e+308,1.7976931348623157e+308,1.7976931348623157e+308,1.7976931348623157e+308,17940.0,1.7976931348623157e+308,1.7976931348623157e+308,1.7976931348623157e+308,1.7976931348623157e+308,38,0,0,0,0,131,0,0,0,0
20191126,11:00:35.0,2019-11-26 11:00:35,zn2001,SHFE,17935.0,0,201468,241012.0,18010.0,18080.0,17920.0,18035.0,18040.0,18940.0,17135.0,18107705850.0,17935.0,1.7976931348623157e+308,1.7976931348623157e+308,1.7976931348623157e+308,1.7976931348623157e+308,17940.0,1.7976931348623157e+308,1.7976931348623157e+308,1.7976931348623157e+308,1.7976931348623157e+308,39,0,0,0,0,137,0,0,0,0
20191126,11:00:35.500,2019-11-26 11:00:35.500000,zn2001,SHFE,17935.0,0,201468,241012.0,18010.0,18080.0,17920.0,18035.0,18040.0,18940.0,17135.0,18107705850.0,17935.0,1.7976931348623157e+308,1.7976931348623157e+308,1.7976931348623157e+308,1.7976931348623157e+308,17940.0,1.7976931348623157e+308,1.7976931348623157e+308,1.7976931348623157e+308,1.7976931348623157e+308,39,0,0,0,0,137,0,0,0,0
20191126,11:00:36.0,2019-11-26 11:00:36,zn2001,SHFE,17935.0,0,201468,241012.0,18010.0,18080.0,17920.0,18035.0,18040.0,18940.0,17135.0,18107705850.0,17935.0,1.7976931348623157e+308,1.7976931348623157e+308,1.7976931348623157e+308,1.7976931348623157e+308,17940.0,1.7976931348623157e+308,1.7976931348623157e+308,1.7976931348623157e+308,1.7976931348623157e+308,39,0,0,0,0,137,0,0,0,0
20191126,11:00:37.500,2019-11-26 11:00:37.500000,zn2001,SHFE,17935.0,0,201468,241012.0,18010.0,18080.0,17920.0,18035.0,18040.0,18940.0,17135.0,18107705850.0,17935.0,1.7976931348623157e+308,1.7976931348623157e+308,1.7976931348623157e+308,1.7976931348623157e+308,17940.0,1.7976931348623157e+308,1.7976931348623157e+308,1.7976931348623157e+308,1.7976931348623157e+308,44,0,0,0,0,137,0,0,0,0
20191126,11:00:38.0,2019-11-26 11:00:38,zn2001,SHFE,17935.0,0,201468,241012.0,18010.0,18080.0,17920.0,18035.0,18040.0,18940.0,17135.0,18107705850.0,17935.0,1.7976931348623157e+308,1.7976931348623157e+308,1.7976931348623157e+308,1.7976931348623157e+308,17940.0,1.7976931348623157e+308,1.7976931348623157e+308,1.7976931348623157e+308,1.7976931348623157e+308,44,0,0,0,0,137,0,0,0,0
20191126,11:00:38.500,2019-11-26 11:00:38.500000,zn2001,SHFE,17940.0,0,201472,241012.0,18010.0,18080.0,17920.0,18035.0,18040.0,18940.0,17135.0,18108064650.0,17935.0,1.7976931348623157e+308,1.7976931348623157e+308,1.7976931348623157e+308,1.7976931348623157e+308,17940.0,1.7976931348623157e+308,1.7976931348623157e+308,1.7976931348623157e+308,1.7976931348623157e+308,44,0,0,0,0,135,0,0,0,0
20191126,11:00:39.0,2019-11-26 11:00:39,zn2001,SHFE,17940.0,0,201472,241012.0,18010.0,18080.0,17920.0,18035.0,18040.0,18940.0,17135.0,18108064650.0,17935.0,1.7976931348623157e+308,1.7976931348623157e+308,1.7976931348623157e+308,1.7976931348623157e+308,17940.0,1.7976931348623157e+308,1.7976931348623157e+308,1.7976931348623157e+308,1.7976931348623157e+308,49,0,0,0,0,135,0,0,0,0
20191126,11:00:42.0,2019-11-26 11:00:42,zn2001,SHFE,17940.0,0,201472,241012.0,18010.0,18080.0,17920.0,18035.0,18040.0,18940.0,17135.0,18108064650.0,17935.0,1.7976931348623157e+308,1.7976931348623157e+308,1.7976931348623157e+308,1.7976931348623157e+308,17940.0,1.7976931348623157e+308,1.7976931348623157e+308,1.7976931348623157e+308,1.7976931348623157e+308,49,0,0,0,0,135,0,0,0,0
20191126,11:00:43.0,2019-11-26 11:00:43,zn2001,SHFE,17940.0,0,201472,241012.0,18010.0,18080.0,17920.0,18035.0,18040.0,18940.0,17135.0,18108064650.0,17935.0,1.7976931348623157e+308,1.7976931348623157e+308,1.7976931348623157e+308,1.7976931348623157e+308,17940.0,1.7976931348623157e+308,1.7976931348623157e+308,1.7976931348623157e+308,1.7976931348623157e+308,49,0,0,0,0,136,0,0,0,0
20191126,11:00:43.500,2019-11-26 11:00:43.500000,zn2001,SHFE,17940.0,0,201472,241012.0,18010.0,18080.0,17920.0,18035.0,18040.0,18940.0,17135.0,18108064650.0,17935.0,1.7976931348623157e+308,1.7976931348623157e+308,1.7976931348623157e+308,1.7976931348623157e+308,17940.0,1.7976931348623157e+308,1.7976931348623157e+308,1.7976931348623157e+308,1.7976931348623157e+308,50,0,0,0,0,134,0,0,0,0
20191126,11:00:44.500,2019-11-26 11:00:44.500000,zn2001,SHFE,17935.0,0,201512,240974.0,18010.0,18080.0,17920.0,18035.0,18040.0,18940.0,17135.0,18111651650.0,17935.0,1.7976931348623157e+308,1.7976931348623157e+308,1.7976931348623157e+308,1.7976931348623157e+308,17940.0,1.7976931348623157e+308,1.7976931348623157e+308,1.7976931348623157e+308,1.7976931348623157e+308,30,0,0,0,0,134,0,0,0,0
20191126,11:00:45.0,2019-11-26 11:00:45,zn2001,SHFE,17935.0,0,201512,240974.0,18010.0,18080.0,17920.0,18035.0,18040.0,18940.0,17135.0,18111651650.0,17935.0,1.7976931348623157e+308,1.7976931348623157e+308,1.7976931348623157e+308,1.7976931348623157e+308,17940.0,1.7976931348623157e+308,1.7976931348623157e+308,1.7976931348623157e+308,1.7976931348623157e+308,29,0,0,0,0,135,0,0,0,0
20191126,11:00:46.500,2019-11-26 11:00:46.500000,zn2001,SHFE,17935.0,0,201512,240974.0,18010.0,18080.0,17920.0,18035.0,18040.0,18940.0,17135.0,18111651650.0,17935.0,1.7976931348623157e+308,1.7976931348623157e+308,1.7976931348623157e+308,1.7976931348623157e+308,17940.0,1.7976931348623157e+308,1.7976931348623157e+308,1.7976931348623157e+308,1.7976931348623157e+308,31,0,0,0,0,135,0,0,0,0
20191126,11:00:47.0,2019-11-26 11:00:47,zn2001,SHFE,17935.0,0,201512,240974.0,18010.0,18080.0,17920.0,18035.0,18040.0,18940.0,17135.0,18111651650.0,17935.0,1.7976931348623157e+308,1.7976931348623157e+308,1.7976931348623157e+308,1.7976931348623157e+308,17940.0,1.7976931348623157e+308,1.7976931348623157e+308,1.7976931348623157e+308,1.7976931348623157e+308,31,0,0,0,0,136,0,0,0,0
20191126,11:00:48.0,2019-11-26 11:00:48,zn2001,SHFE,17935.0,0,201512,240974.0,18010.0,18080.0,17920.0,18035.0,18040.0,18940.0,17135.0,18111651650.0,17935.0,1.7976931348623157e+308,1.7976931348623157e+308,1.7976931348623157e+308,1.7976931348623157e+308,17940.0,1.7976931348623157e+308,1.7976931348623157e+308,1.7976931348623157e+308,1.7976931348623157e+308,31,0,0,0,0,136,0,0,0,0
20191126,11:00:50.0,2019-11-26 11:00:50,zn2001,SHFE,17935.0,0,201514,240974.0,18010.0,18080.0,17920.0,18035.0,18040.0,18940.0,17135.0,18111831000.0,17935.0,1.7976931348623157e+308,1.7976931348623157e+308,1.7976931348623157e+308,1.7976931348623157e+308,17940.0,1.7976931348623157e+308,1.7976931348623157e+308,1.7976931348623157e+308,1.7976931348623157e+308,30,0,0,0,0,136,0,0,0,0
20191126,11:00:50.500,2019-11-26 11:00:50.500000,zn2001,SHFE,17935.0,0,201516,240974.0,18010.0,18080.0,17920.0,18035.0,18040.0,18940.0,17135.0,18112010350.0,17935.0,1.7976931348623157e+308,1.7976931348623157e+308,1.7976931348623157e+308,1.7976931348623157e+308,17940.0,1.7976931348623157e+308,1.7976931348623157e+308,1.7976931348623157e+308,1.7976931348623157e+308,29,0,0,0,0,140,0,0,0,0
20191126,11:00:51.0,2019-11-26 11:00:51,zn2001,SHFE,17935.0,0,201516,240974.0,18010.0,18080.0,17920.0,18035.0,18040.0,18940.0,17135.0,18112010350.0,17935.0,1.7976931348623157e+308,1.7976931348623157e+308,1.7976931348623157e+308,1.7976931348623157e+308,17940.0,1.7976931348623157e+308,1.7976931348623157e+308,1.7976931348623157e+308,1.7976931348623157e+308,31,0,0,0,0,138,0,0,0,0
20191126,11:00:51.500,2019-11-26 11:00:51.500000,zn2001,SHFE,17935.0,0,201518,240976.0,18010.0,18080.0,17920.0,18035.0,18040.0,18940.0,17135.0,18112189700.0,17935.0,1.7976931348623157e+308,1.7976931348623157e+308,1.7976931348623157e+308,1.7976931348623157e+308,17940.0,1.7976931348623157e+308,1.7976931348623157e+308,1.7976931348623157e+308,1.7976931348623157e+308,30,0,0,0,0,140,0,0,0,0
20191126,11:00:52.500,2019-11-26 11:00:52.500000,zn2001,SHFE,17935.0,0,201518,240976.0,18010.0,18080.0,17920.0,18035.0,18040.0,18940.0,17135.0,18112189700.0,17935.0,1.7976931348623157e+308,1.7976931348623157e+308,1.7976931348623157e+308,1.7976931348623157e+308,17940.0,1.7976931348623157e+308,1.7976931348623157e+308,1.7976931348623157e+308,1.7976931348623157e+308,30,0,0,0,0,139,0,0,0,0
20191126,11:00:53.500,2019-11-26 11:00:53.500000,zn2001,SHFE,17935.0,0,201518,240976.0,18010.0,18080.0,17920.0,18035.0,18040.0,18940.0,17135.0,18112189700.0,17935.0,1.7976931348623157e+308,1.7976931348623157e+308,1.7976931348623157e+308,1.7976931348623157e+308,17940.0,1.7976931348623157e+308,1.7976931348623157e+308,1.7976931348623157e+308,1.7976931348623157e+308,30,0,0,0,0,139,0,0,0,0
20191126,11:00:54.0,2019-11-26 11:00:54,zn2001,SHFE,17935.0,0,201518,240976.0,18010.0,18080.0,17920.0,18035.0,18040.0,18940.0,17135.0,18112189700.0,17935.0,1.7976931348623157e+308,1.7976931348623157e+308,1.7976931348623157e+308,1.7976931348623157e+308,17940.0,1.7976931348623157e+308,1.7976931348623157e+308,1.7976931348623157e+308,1.7976931348623157e+308,30,0,0,0,0,139,0,0,0,0
20191126,11:00:55.500,2019-11-26 11:00:55.500000,zn2001,SHFE,17935.0,0,201518,240976.0,18010.0,18080.0,17920.0,18035.0,18040.0,18940.0,17135.0,18112189700.0,17935.0,1.7976931348623157e+308,1.7976931348623157e+308,1.7976931348623157e+308,1.7976931348623157e+308,17940.0,1.7976931348623157e+308,1.7976931348623157e+308,1.7976931348623157e+308,1.7976931348623157e+308,30,0,0,0,0,139,0,0,0,0
20191126,11:00:56.500,2019-11-26 11:00:56.500000,zn2001,SHFE,17935.0,0,201518,240976.0,18010.0,18080.0,17920.0,18035.0,18040.0,18940.0,17135.0,18112189700.0,17935.0,1.7976931348623157e+308,1.7976931348623157e+308,1.7976931348623157e+308,1.7976931348623157e+308,17940.0,1.7976931348623157e+308,1.7976931348623157e+308,1.7976931348623157e+308,1.7976931348623157e+308,23,0,0,0,0,139,0,0,0,0
20191126,11:00:57.0,2019-11-26 11:00:57,zn2001,SHFE,17935.0,0,201518,240976.0,18010.0,18080.0,17920.0,18035.0,18040.0,18940.0,17135.0,18112189700.0,17935.0,1.7976931348623157e+308,1.7976931348623157e+308,1.7976931348623157e+308,1.7976931348623157e+308,17940.0,1.7976931348623157e+308,1.7976931348623157e+308,1.7976931348623157e+308,1.7976931348623157e+308,23,0,0,0,0,135,0,0,0,0
20191126,11:00:57.500,2019-11-26 11:00:57.500000,zn2001,SHFE,17935.0,0,201520,240978.0,18010.0,18080.0,17920.0,18035.0,18040.0,18940.0,17135.0,18112369050.0,17935.0,1.7976931348623157e+308,1.7976931348623157e+308,1.7976931348623157e+308,1.7976931348623157e+308,17940.0,1.7976931348623157e+308,1.7976931348623157e+308,1.7976931348623157e+308,1.7976931348623157e+308,31,0,0,0,0,134,0,0,0,0
20191126,11:00:58.0,2019-11-26 11:00:58,zn2001,SHFE,17935.0,0,201522,240980.0,18010.0,18080.0,17920.0,18035.0,18040.0,18940.0,17135.0,18112548400.0,17935.0,1.7976931348623157e+308,1.7976931348623157e+308,1.7976931348623157e+308,1.7976931348623157e+308,17940.0,1.7976931348623157e+308,1.7976931348623157e+308,1.7976931348623157e+308,1.7976931348623157e+308,43,0,0,0,0,135,0,0,0,0
20191126,11:00:58.500,2019-11-26 11:00:58.500000,zn2001,SHFE,17935.0,0,201524,240980.0,18010.0,18080.0,17920.0,18035.0,18040.0,18940.0,17135.0,18112727750.0,17935.0,1.7976931348623157e+308,1.7976931348623157e+308,1.7976931348623157e+308,1.7976931348623157e+308,17940.0,1.7976931348623157e+308,1.7976931348623157e+308,1.7976931348623157e+308,1.7976931348623157e+308,43,0,0,0,0,135,0,0,0,0
20191126,11:00:59.0,2019-11-26 11:00:59,zn2001,SHFE,17935.0,0,201524,240980.0,18010.0,18080.0,17920.0,18035.0,18040.0,18940.0,17135.0,18112727750.0,17935.0,1.7976931348623157e+308,1.7976931348623157e+308,1.7976931348623157e+308,1.7976931348623157e+308,17940.0,1.7976931348623157e+308,1.7976931348623157e+308,1.7976931348623157e+308,1.7976931348623157e+308,43,0,0,0,0,135,0,0,0,0
20191126,11:00:59.500,2019-11-26 11:00:59.500000,zn2001,SHFE,17935.0,0,201524,240980.0,18010.0,18080.0,17920.0,18035.0,18040.0,18940.0,17135.0,18112727750.0,17935.0,1.7976931348623157e+308,1.7976931348623157e+308,1.7976931348623157e+308,1.7976931348623157e+308,17940.0,1.7976931348623157e+308,1.7976931348623157e+308,1.7976931348623157e+308,1.7976931348623157e+308,44,0,0,0,0,135,0,0,0,0
20191126,11:01:00.0,2019-11-26 11:01:00,zn2001,SHFE,17935.0,0,201526,240982.0,18010.0,18080.0,17920.0,18035.0,18040.0,18940.0,17135.0,18112907100.0,17935.0,1.7976931348623157e+308,1.7976931348623157e+308,1.7976931348623157e+308,1.7976931348623157e+308,17940.0,1.7976931348623157e+308,1.7976931348623157e+308,1.7976931348623157e+308,1.7976931348623157e+308,44,0,0,0,0,134,0,0,0,0
20191126,11:01:00.500,2019-11-26 11:01:00.500000,zn2001,SHFE,17935.0,0,201528,240984.0,18010.0,18080.0,17920.0,18035.0,18040.0,18940.0,17135.0,18113086450.0,17935.0,1.7976931348623157e+308,1.7976931348623157e+308,1.7976931348623157e+308,1.7976931348623157e+308,17940.0,1.7976931348623157e+308,1.7976931348623157e+308,1.7976931348623157e+308,1.7976931348623157e+308,44,0,0,0,0,133,0,0,0,0
20191126,11:01:01.0,2019-11-26 11:01:01,zn2001,SHFE,17935.0,0,201528,240984.0,18010.0,18080.0,17920.0,18035.0,18040.0,18940.0,17135.0,18113086450.0,17935.0,1.7976931348623157e+308,1.7976931348623157e+308,1.7976931348623157e+308,1.7976931348623157e+308,17940.0,1.7976931348623157e+308,1.7976931348623157e+308,1.7976931348623157e+308,1.7976931348623157e+308,43,0,0,0,0,132,0,0,0,0
20191126,11:01:01.500,2019-11-26 11:01:01.500000,zn2001,SHFE,17935.0,0,201538,240992.0,18010.0,18080.0,17920.0,18035.0,18040.0,18940.0,17135.0,18113983200.0,17935.0,1.7976931348623157e+308,1.7976931348623157e+308,1.7976931348623157e+308,1.7976931348623157e+308,17940.0,1.7976931348623157e+308,1.7976931348623157e+308,1.7976931348623157e+308,1.7976931348623157e+308,38,0,0,0,0,128,0,0,0,0
20191126,11:01:02.0,2019-11-26 11:01:02,zn2001,SHFE,17935.0,0,201540,240994.0,18010.0,18080.0,17920.0,18035.0,18040.0,18940.0,17135.0,18114162550.0,17935.0,1.7976931348623157e+308,1.7976931348623157e+308,1.7976931348623157e+308,1.7976931348623157e+308,17940.0,1.7976931348623157e+308,1.7976931348623157e+308,1.7976931348623157e+308,1.7976931348623157e+308,38,0,0,0,0,128,0,0,0,0
20191126,11:01:02.500,2019-11-26 11:01:02.500000,zn2001,SHFE,17935.0,0,201544,240998.0,18010.0,18080.0,17920.0,18035.0,18040.0,18940.0,17135.0,18114521250.0,17935.0,1.7976931348623157e+308,1.7976931348623157e+308,1.7976931348623157e+308,1.7976931348623157e+308,17940.0,1.7976931348623157e+308,1.7976931348623157e+308,1.7976931348623157e+308,1.7976931348623157e+308,36,0,0,0,0,126,0,0,0,0
20191126,11:01:03.0,2019-11-26 11:01:03,zn2001,SHFE,17935.0,0,201544,240998.0,18010.0,18080.0,17920.0,18035.0,18040.0,18940.0,17135.0,18114521250.0,17935.0,1.7976931348623157e+308,1.7976931348623157e+308,1.7976931348623157e+308,1.7976931348623157e+308,17940.0,1.7976931348623157e+308,1.7976931348623157e+308,1.7976931348623157e+308,1.7976931348623157e+308,37,0,0,0,0,127,0,0,0,0
20191126,11:01:04.0,2019-11-26 11:01:04,zn2001,SHFE,17935.0,0,201560,241004.0,18010.0,18080.0,17920.0,18035.0,18040.0,18940.0,17135.0,18115956050.0,17935.0,1.7976931348623157e+308,1.7976931348623157e+308,1.7976931348623157e+308,1.7976931348623157e+308,17940.0,1.7976931348623157e+308,1.7976931348623157e+308,1.7976931348623157e+308,1.7976931348623157e+308,30,0,0,0,0,124,0,0,0,0
20191126,11:01:04.500,2019-11-26 11:01:04.500000,zn2001,SHFE,17940.0,0,201572,240996.0,18010.0,18080.0,17920.0,18035.0,18040.0,18940.0,17135.0,18117032400.0,17935.0,1.7976931348623157e+308,1.7976931348623157e+308,1.7976931348623157e+308,1.7976931348623157e+308,17940.0,1.7976931348623157e+308,1.7976931348623157e+308,1.7976931348623157e+308,1.7976931348623157e+308,33,0,0,0,0,118,0,0,0,0
20191126,11:01:05.0,2019-11-26 11:01:05,zn2001,SHFE,17940.0,0,201572,240996.0,18010.0,18080.0,17920.0,18035.0,18040.0,18940.0,17135.0,18117032400.0,17935.0,1.7976931348623157e+308,1.7976931348623157e+308,1.7976931348623157e+308,1.7976931348623157e+308,17940.0,1.7976931348623157e+308,1.7976931348623157e+308,1.7976931348623157e+308,1.7976931348623157e+308,37,0,0,0,0,118,0,0,0,0
20191126,11:01:05.500,2019-11-26 11:01:05.500000,zn2001,SHFE,17940.0,0,201572,240996.0,18010.0,18080.0,17920.0,18035.0,18040.0,18940.0,17135.0,18117032400.0,17935.0,1.7976931348623157e+308,1.7976931348623157e+308,1.7976931348623157e+308,1.7976931348623157e+308,17940.0,1.7976931348623157e+308,1.7976931348623157e+308,1.7976931348623157e+308,1.7976931348623157e+308,37,0,0,0,0,118,0,0,0,0
20191126,11:01:06.0,2019-11-26 11:01:06,zn2001,SHFE,17935.0,0,201578,240996.0,18010.0,18080.0,17920.0,18035.0,18040.0,18940.0,17135.0,18117570450.0,17935.0,1.7976931348623157e+308,1.7976931348623157e+308,1.7976931348623157e+308,1.7976931348623157e+308,17940.0,1.7976931348623157e+308,1.7976931348623157e+308,1.7976931348623157e+308,1.7976931348623157e+308,34,0,0,0,0,117,0,0,0,0
20191126,11:01:08.500,2019-11-26 11:01:08.500000,zn2001,SHFE,17935.0,0,201578,240996.0,18010.0,18080.0,17920.0,18035.0,18040.0,18940.0,17135.0,18117570450.0,17935.0,1.7976931348623157e+308,1.7976931348623157e+308,1.7976931348623157e+308,1.7976931348623157e+308,17940.0,1.7976931348623157e+308,1.7976931348623157e+308,1.7976931348623157e+308,1.7976931348623157e+308,34,0,0,0,0,117,0,0,0,0
20191126,11:01:10.500,2019-11-26 11:01:10.500000,zn2001,SHFE,17935.0,0,201578,240996.0,18010.0,18080.0,17920.0,18035.0,18040.0,18940.0,17135.0,18117570450.0,17935.0,1.7976931348623157e+308,1.7976931348623157e+308,1.7976931348623157e+308,1.7976931348623157e+308,17940.0,1.7976931348623157e+308,1.7976931348623157e+308,1.7976931348623157e+308,1.7976931348623157e+308,34,0,0,0,0,117,0,0,0,0
20191126,11:01:11.0,2019-11-26 11:01:11,zn2001,SHFE,17940.0,0,201580,240994.0,18010.0,18080.0,17920.0,18035.0,18040.0,18940.0,17135.0,18117749850.0,17935.0,1.7976931348623157e+308,1.7976931348623157e+308,1.7976931348623157e+308,1.7976931348623157e+308,17940.0,1.7976931348623157e+308,1.7976931348623157e+308,1.7976931348623157e+308,1.7976931348623157e+308,33,0,0,0,0,112,0,0,0,0
20191126,11:01:11.500,2019-11-26 11:01:11.500000,zn2001,SHFE,17935.0,0,201584,240992.0,18010.0,18080.0,17920.0,18035.0,18040.0,18940.0,17135.0,18118108600.0,17935.0,1.7976931348623157e+308,1.7976931348623157e+308,1.7976931348623157e+308,1.7976931348623157e+308,17940.0,1.7976931348623157e+308,1.7976931348623157e+308,1.7976931348623157e+308,1.7976931348623157e+308,32,0,0,0,0,111,0,0,0,0
20191126,11:01:12.0,2019-11-26 11:01:12,zn2001,SHFE,17940.0,0,201586,240990.0,18010.0,18080.0,17920.0,18035.0,18040.0,18940.0,17135.0,18118288000.0,17935.0,1.7976931348623157e+308,1.7976931348623157e+308,1.7976931348623157e+308,1.7976931348623157e+308,17940.0,1.7976931348623157e+308,1.7976931348623157e+308,1.7976931348623157e+308,1.7976931348623157e+308,35,0,0,0,0,110,0,0,0,0
20191126,11:01:12.500,2019-11-26 11:01:12.500000,zn2001,SHFE,17940.0,0,201588,240988.0,18010.0,18080.0,17920.0,18035.0,18040.0,18940.0,17135.0,18118467400.0,17935.0,1.7976931348623157e+308,1.7976931348623157e+308,1.7976931348623157e+308,1.7976931348623157e+308,17940.0,1.7976931348623157e+308,1.7976931348623157e+308,1.7976931348623157e+308,1.7976931348623157e+308,36,0,0,0,0,109,0,0,0,0
20191126,11:01:13.0,2019-11-26 11:01:13,zn2001,SHFE,17940.0,0,201590,240986.0,18010.0,18080.0,17920.0,18035.0,18040.0,18940.0,17135.0,18118646800.0,17935.0,1.7976931348623157e+308,1.7976931348623157e+308,1.7976931348623157e+308,1.7976931348623157e+308,17940.0,1.7976931348623157e+308,1.7976931348623157e+308,1.7976931348623157e+308,1.7976931348623157e+308,36,0,0,0,0,108,0,0,0,0
20191126,11:01:13.500,2019-11-26 11:01:13.500000,zn2001,SHFE,17940.0,0,201592,240984.0,18010.0,18080.0,17920.0,18035.0,18040.0,18940.0,17135.0,18118826200.0,17935.0,1.7976931348623157e+308,1.7976931348623157e+308,1.7976931348623157e+308,1.7976931348623157e+308,17940.0,1.7976931348623157e+308,1.7976931348623157e+308,1.7976931348623157e+308,1.7976931348623157e+308,36,0,0,0,0,107,0,0,0,0
20191126,11:01:14.0,2019-11-26 11:01:14,zn2001,SHFE,17940.0,0,201594,240984.0,18010.0,18080.0,17920.0,18035.0,18040.0,18940.0,17135.0,18119005600.0,17935.0,1.7976931348623157e+308,1.7976931348623157e+308,1.7976931348623157e+308,1.7976931348623157e+308,17940.0,1.7976931348623157e+308,1.7976931348623157e+308,1.7976931348623157e+308,1.7976931348623157e+308,36,0,0,0,0,106,0,0,0,0
20191126,11:01:14.500,2019-11-26 11:01:14.500000,zn2001,SHFE,17940.0,0,201596,240984.0,18010.0,18080.0,17920.0,18035.0,18040.0,18940.0,17135.0,18119185000.0,17935.0,1.7976931348623157e+308,1.7976931348623157e+308,1.7976931348623157e+308,1.7976931348623157e+308,17940.0,1.7976931348623157e+308,1.7976931348623157e+308,1.7976931348623157e+308,1.7976931348623157e+308,36,0,0,0,0,105,0,0,0,0
20191126,11:01:15.0,2019-11-26 11:01:15,zn2001,SHFE,17940.0,0,201598,240984.0,18010.0,18080.0,17920.0,18035.0,18040.0,18940.0,17135.0,18119364400.0,17935.0,1.7976931348623157e+308,1.7976931348623157e+308,1.7976931348623157e+308,1.7976931348623157e+308,17940.0,1.7976931348623157e+308,1.7976931348623157e+308,1.7976931348623157e+308,1.7976931348623157e+308,41,0,0,0,0,104,0,0,0,0
20191126,11:01:15.500,2019-11-26 11:01:15.500000,zn2001,SHFE,17940.0,0,201600,240984.0,18010.0,18080.0,17920.0,18035.0,18040.0,18940.0,17135.0,18119543800.0,17935.0,1.7976931348623157e+308,1.7976931348623157e+308,1.7976931348623157e+308,1.7976931348623157e+308,17940.0,1.7976931348623157e+308,1.7976931348623157e+308,1.7976931348623157e+308,1.7976931348623157e+308,41,0,0,0,0,103,0,0,0,0
20191126,11:01:16.0,2019-11-26 11:01:16,zn2001,SHFE,17940.0,0,201602,240984.0,18010.0,18080.0,17920.0,18035.0,18040.0,18940.0,17135.0,18119723200.0,17935.0,1.7976931348623157e+308,1.7976931348623157e+308,1.7976931348623157e+308,1.7976931348623157e+308,17940.0,1.7976931348623157e+308,1.7976931348623157e+308,1.7976931348623157e+308,1.7976931348623157e+308,41,0,0,0,0,102,0,0,0,0
20191126,11:01:16.500,2019-11-26 11:01:16.500000,zn2001,SHFE,17940.0,0,201604,240984.0,18010.0,18080.0,17920.0,18035.0,18040.0,18940.0,17135.0,18119902600.0,17935.0,1.7976931348623157e+308,1.7976931348623157e+308,1.7976931348623157e+308,1.7976931348623157e+308,17940.0,1.7976931348623157e+308,1.7976931348623157e+308,1.7976931348623157e+308,1.7976931348623157e+308,42,0,0,0,0,101,0,0,0,0
20191126,11:01:17.0,2019-11-26 11:01:17,zn2001,SHFE,17940.0,0,201606,240984.0,18010.0,18080.0,17920.0,18035.0,18040.0,18940.0,17135.0,18120082000.0,17935.0,1.7976931348623157e+308,1.7976931348623157e+308,1.7976931348623157e+308,1.7976931348623157e+308,17940.0,1.7976931348623157e+308,1.7976931348623157e+308,1.7976931348623157e+308,1.7976931348623157e+308,42,0,0,0,0,100,0,0,0,0
20191126,11:01:17.500,2019-11-26 11:01:17.500000,zn2001,SHFE,17940.0,0,201608,240984.0,18010.0,18080.0,17920.0,18035.0,18040.0,18940.0,17135.0,18120261400.0,17935.0,1.7976931348623157e+308,1.7976931348623157e+308,1.7976931348623157e+308,1.7976931348623157e+308,17940.0,1.7976931348623157e+308,1.7976931348623157e+308,1.7976931348623157e+308,1.7976931348623157e+308,42,0,0,0,0,100,0,0,0,0
20191126,11:01:18.0,2019-11-26 11:01:18,zn2001,SHFE,17940.0,0,201626,240984.0,18010.0,18080.0,17920.0,18035.0,18040.0,18940.0,17135.0,18121876000.0,17935.0,1.7976931348623157e+308,1.7976931348623157e+308,1.7976931348623157e+308,1.7976931348623157e+308,17940.0,1.7976931348623157e+308,1.7976931348623157e+308,1.7976931348623157e+308,1.7976931348623157e+308,34,0,0,0,0,91,0,0,0,0
20191126,11:01:18.500,2019-11-26 11:01:18.500000,zn2001,SHFE,17940.0,0,201628,240984.0,18010.0,18080.0,17920.0,18035.0,18040.0,18940.0,17135.0,18122055400.0,17935.0,1.7976931348623157e+308,1.7976931348623157e+308,1.7976931348623157e+308,1.7976931348623157e+308,17940.0,1.7976931348623157e+308,1.7976931348623157e+308,1.7976931348623157e+308,1.7976931348623157e+308,35,0,0,0,0,90,0,0,0,0
20191126,11:01:19.0,2019-11-26 11:01:19,zn2001,SHFE,17940.0,0,201630,240984.0,18010.0,18080.0,17920.0,18035.0,18040.0,18940.0,17135.0,18122234800.0,17935.0,1.7976931348623157e+308,1.7976931348623157e+308,1.7976931348623157e+308,1.7976931348623157e+308,17940.0,1.7976931348623157e+308,1.7976931348623157e+308,1.7976931348623157e+308,1.7976931348623157e+308,39,0,0,0,0,89,0,0,0,0
20191126,11:01:19.500,2019-11-26 11:01:19.500000,zn2001,SHFE,17940.0,0,201632,240984.0,18010.0,18080.0,17920.0,18035.0,18040.0,18940.0,17135.0,18122414200.0,17935.0,1.7976931348623157e+308,1.7976931348623157e+308,1.7976931348623157e+308,1.7976931348623157e+308,17940.0,1.7976931348623157e+308,1.7976931348623157e+308,1.7976931348623157e+308,1.7976931348623157e+308,40,0,0,0,0,88,0,0,0,0
20191126,11:01:20.0,2019-11-26 11:01:20,zn2001,SHFE,17935.0,0,201636,240984.0,18010.0,18080.0,17920.0,18035.0,18040.0,18940.0,17135.0,18122772950.0,17935.0,1.7976931348623157e+308,1.7976931348623157e+308,1.7976931348623157e+308,1.7976931348623157e+308,17940.0,1.7976931348623157e+308,1.7976931348623157e+308,1.7976931348623157e+308,1.7976931348623157e+308,47,0,0,0,0,87,0,0,0,0
20191126,11:01:20.500,2019-11-26 11:01:20.500000,zn2001,SHFE,17935.0,0,201636,240984.0,18010.0,18080.0,17920.0,18035.0,18040.0,18940.0,17135.0,18122772950.0,17935.0,1.7976931348623157e+308,1.7976931348623157e+308,1.7976931348623157e+308,1.7976931348623157e+308,17940.0,1.7976931348623157e+308,1.7976931348623157e+308,1.7976931348623157e+308,1.7976931348623157e+308,48,0,0,0,0,87,0,0,0,0
20191126,11:01:22.0,2019-11-26 11:01:22,zn2001,SHFE,17935.0,0,201636,240984.0,18010.0,18080.0,17920.0,18035.0,18040.0,18940.0,17135.0,18122772950.0,17935.0,1.7976931348623157e+308,1.7976931348623157e+308,1.7976931348623157e+308,1.7976931348623157e+308,17940.0,1.7976931348623157e+308,1.7976931348623157e+308,1.7976931348623157e+308,1.7976931348623157e+308,48,0,0,0,0,87,0,0,0,0
20191126,11:01:23.0,2019-11-26 11:01:23,zn2001,SHFE,17935.0,0,201636,240984.0,18010.0,18080.0,17920.0,18035.0,18040.0,18940.0,17135.0,18122772950.0,17935.0,1.7976931348623157e+308,1.7976931348623157e+308,1.7976931348623157e+308,1.7976931348623157e+308,17940.0,1.7976931348623157e+308,1.7976931348623157e+308,1.7976931348623157e+308,1.7976931348623157e+308,49,0,0,0,0,88,0,0,0,0
20191126,11:01:24.500,2019-11-26 11:01:24.500000,zn2001,SHFE,17935.0,0,201636,240984.0,18010.0,18080.0,17920.0,18035.0,18040.0,18940.0,17135.0,18122772950.0,17935.0,1.7976931348623157e+308,1.7976931348623157e+308,1.7976931348623157e+308,1.7976931348623157e+308,17940.0,1.7976931348623157e+308,1.7976931348623157e+308,1.7976931348623157e+308,1.7976931348623157e+308,50,0,0,0,0,89,0,0,0,0
